3000 4725
669 674 707 735 bl

271 844 422 919 Eloqniis,
443 843 546 902 animo
567 863 644 919 qnae
667 846 790 905 sitiente
805 846 900 905 bibis:

231 927 387 989 curfelix
407 948 525 987 mecum
546 948 616 989 esse
640 932 738 1007 cupis,
761 930 939 1009 Chrysaeei
958 933 1032 1007 quid
1052 934 1131 994 altra

271 1014 342 1090 Quo
363 1013 442 1071 caeli
461 1022 569 1091 tangas
595 1014 696 1074 sidera
718 1035 847 1089 summa,
868 1016 973 1094 petis?

229 1099 285 1161 Ille
309 1108 394 1157 tenet
414 1098 542 1171 caelum,
566 1100 613 1157 eui
634 1109 793 1177 praestant
816 1100 899 1160 mille
919 1101 1042 1179 puellae

269 1183 359 1243 Mille
379 1182 476 1257 Deae,
498 1203 575 1243 unus
602 1184 753 1245 Scaevola
774 1186 857 1245 mille
877 1186 972 1246 Deos.

229 1356 257 1414 6.
305 1356 346 1412 In
370 1352 450 1413 Petri
480 1352 615 1411 Laancei
638 1354 743 1413 librum
766 1353 911 1413 Gallicam
931 1357 968 1413 de
987 1356 1144 1437 Prediyia't.

228 1438 302 1499 Non
326 1438 419 1516 igitur
441 1435 560 1495 Natura
582 1447 696 1515 potest,
718 1440 873 1510 Launaee,
891 1439 997 1499 iubere

271 1522 347 1585 Sola
370 1522 459 1582 novis
478 1523 584 1580 mirem
605 1524 695 1582 rebus
719 1525 830 1584 adesse
851 1523 957 1584 iidem:

229 1608 485 1685 Quandoquidem
506 1626 567 1665 una
585 1610 669 1667 novis
692 1610 783 1668 audet
805 1628 839 1667 se
856 1608 966 1667 tollere
985 1610 1109 1689 linguae

270 1693 442 1765 Laudibus,
464 1692 575 1768 eloquii
594 1692 656 1751 fida
677 1694 817 1752 ministra
838 1694 891 1750 tui.

230 1776 355 1855 Quippe
377 1778 528 1835 immensa
549 1795 673 1850 canens,
696 1778 892 1853 mirandaque
908 1778 1144 1839 foederarernni

269 1862 347 1922 Non
371 1864 469 1937 potnit
486 1863 562 1920 tanti
583 1870 670 1939 parte
691 1881 794 1921 carere
816 1862 882 1920 loci.

230 1948 319 2025 Quae
342 1948 369 2007 si
390 1956 503 2023 quauta
525 1948 616 2018 canit,
641 1956 686 2006 tot
710 1948 802 2006 babet
823 1947 969 2005 miracula
989 1948 1085 2022 vecie,

269 2035 311 2093 Et
334 2042 382 2092 tot
405 2034 555 2091 honorata
573 2032 704 2109 pignora
724 2034 814 2091 laude
837 2033 931 2108 capit:

231 2117 362 2178 Caetera
384 2124 514 2192 quantus
535 2116 634 2175 honos
657 2117 794 2176 Naturae
816 2118 894 2175 mira
912 2116 1048 2194 parentis

273 2202 377 2281 Supra
399 2201 536 2261 Naturae
556 2220 681 2260 mttnera
703 2222 798 2280 posse
819 2202 922 2278 loqui?

384 2298 463 2346 Anno
488 2294 559 2347 1571.

399 2454 427 2511 7.
473 2453 519 2510 De
538 2455 653 2530 scriptia
675 2455 720 2510 Io.
740 2454 877 2510 Boiaselli
896 2455 923 2510 I.
951 2452 981 2512 G.

233 2537 338 2598 Civica
361 2556 453 2614 saepe
475 2557 584 2614 gerens
608 2537 707 2596 dubiis
731 2557 787 2614 pro
807 2537 911 2596 litibus
934 2557 1019 2596 arma

272 2623 430 2681 Pictonico
451 2623 579 2681 obtinuit
598 2623 735 2700 praemia
756 2641 875 2682 summa
894 2623 974 2683 foro:

231 2709 270 2768 Et
292 2727 372 2766 nunc
395 2707 475 2772 idem
497 2707 573 2766 alies
596 2727 689 2785 porro
712 2726 879 2766 conversus
900 2708 940 2764 ad
961 2715 1042 2766 artes

274 2793 388 2855 Scribit
412 2811 487 2866 quae
510 2794 625 2868 passim
644 2791 747 2851 Gallia
765 2799 828 2849 tota
846 2791 941 2869 legate
1106 2829 1125 2872 ο

232 2881 271 2936 At
296 2896 449 2952 nunquam
474 2896 611 2950 cessans,
634 2885 664 2935 et
686 2876 725 2934 ad
747 2877 847 2934 omnia
868 2895 980 2954 magna
1000 2883 1123 2951 paratus
1196 2875 1198 2881 ’

273 2962 446 3023 Boissessus
469 2962 598 3038 patriam
617 2981 691 3021 voce
712 2961 858 3034 librisque
880 2962 971 3020 iuvat.

234 3046 294 3108 Sed
315 3056 433 3105 tantum
453 3047 520 3106 voci
538 3050 737 3124 praestabunt
759 3045 871 3121 scripta
892 3047 1035 3116 disertae,

275 3133 431 3208 Quantum
450 3131 607 3192 Pictonico
630 3131 733 3192 Gallia
754 3139 820 3192 tota
842 3132 918 3190 foro.

236 3303 263 3360 8.
292 3305 330 3361 In
355 3301 504 3377 Spectmen
522 3305 728 3360 vetustissimae
753 3301 893 3360 Getarum
911 3300 1046 3376 [acquae
1066 3302 1145 3360 Bes.

430 3458 435 3469 ο
563 3388 701 3446 Vulcacio
726 3389 842 3444 editore.

236 3468 321 3529 Naso
343 3469 522 3528 Tomitanae
545 3469 648 3530 didicit
667 3478 754 3530 vetus
777 3467 879 3528 incola
900 3476 999 3528 terrae

275 3555 413 3614 Barbara
433 3555 582 3615 Romanis
605 3564 725 3616 nectere
749 3555 844 3613 verba
864 3553 968 3611 modis.

236 3641 275 3698 At
295 3649 328 3698 tu
350 3640 490 3699 docturos
511 3649 631 3718 gentem
658 3659 714 3699 sna
735 3639 828 3698 rerba
846 3637 996 3711 Latinam,

277 3725 417 3798 Vulcani,
439 3725 537 3802 gelido
557 3725 671 3802 promis
692 3726 730 3782 ab
753 3742 813 3780 axe
836 3720 942 3782 Getas.

239 3807 392 3887 Contingit
412 3819 531 3883 nostro,
553 3811 630 3886 quod
650 3809 726 3868 nulii
748 3807 876 3884 contigit
892 3825 980 3878 aevo,

276 3893 403 3953 Vertere
425 3895 622 3972 Hyperboreo
642 3894 722 3952 dicta
741 3889 851 3952 Latina
872 3910 957 3952 sono.

899 3975 942 4034 ⁴0
