3000 4725
628 670 780 763 ,ji-

181 888 185 905 .
289 838 388 899 Geute
410 856 447 895 ex
472 838 630 897 barbarica
652 846 740 916 parta
759 839 906 916 trophaea
924 842 1001 900 tulit.

164 974 167 993 ,.
249 922 345 983 Huius
369 931 401 981 tu
423 923 547 982 soboles
574 924 679 983 doctas
702 924 896 1000 amplecteris
919 935 1012 1000 artes,

288 1008 370 1082 Quas
390 1027 487 1086 prope
510 1008 664 1085 depositas
686 1008 793 1067 ultima
813 1010 878 1068 fata
900 1012 1038 1071 trahunt:

251 1092 321 1153 (lum
344 1101 411 1152 toto
435 1093 541 1152 studiis
564 1092 845 1153 intermorientibus
869 1096 953 1168 orbe,

287 1178 452 1238 Barbarion
476 1178 549 1237 atris
574 1178 657 1239 celsa
677 1178 842 1255 triumphet
863 1181 958 1255 equis.

250 1260 279 1324 si
296 1264 435 1340 proavis,
458 1263 602 1336 Henrice‚
624 1264 683 1323 tuis
706 1283 782 1342 gens
801 1264 931 1323 barbara
948 1265 1051 1340 cessit,

287 1348 450 1407 Barbaries
475 1348 565 1407 debet
586 1350 693 1407 cedere
712 1350 793 1407 victa
817 1348 880 1407 tibi.

601 1518 651 1575 36.
698 1518 815 1576 Eiden.

249 1600 376 1660 Borboui
400 1601 540 1659 columen
564 1603 696 1680 generis,
719 1602 767 1660 cui
788 1600 893 1660 Palles
916 1602 1063 1665 honestas

288 1689 378 1744 Artes
403 1686 583 1762 sapuero,
606 1706 676 1745 mox
699 1687 783 1746 debit
802 1706 887 1744 arma
907 1687 987 1759 vir03

249 1768 293 1829 Ne
316 1771 437 1842 mirere,
458 1770 514 1828 tibi
535 1772 561 1829 si
583 1792 639 1849 pro
664 1791 802 1831 sermone
821 1772 956 1848 pedestri

287 1856 435 1914 Mittimus
458 1855 625 1932 imparibus
645 1858 739 1915 verba
762 1856 856 1935 ligata
877 1857 987 1916 modis.

247 1940 364 1999 Blanda
386 1941 429 1999 tui
452 1940 525 1999 facit
547 1942 612 2014 hoo,
637 1960 714 2016 quae
736 1960 792 2001 noe
813 1942 907 2014 fovet,
934 1960 1009 2000 aura
1030 1942 1161 2003 favoris:

288 2026 378 2085 Hauc
398 2026 428 2083 in
452 2034 553 2084 mente
575 2046 643 2084 mea
665 2027 791 2085 ventilat
812 2027 865 2085 illa
886 2027 994 2086 facem.

248 2110 325 2171 Nam
347 2111 421 2168 mihi
444 2112 633 2185 nescioquis
659 2130 803 2171 recreans
823 2113 855 2171 in
878 2114 1013 2201 carmina
1034 2114 1116 2173 vires

287 2197 390 2255 Ardor
412 2195 563 2253 amicitiae
586 2197 682 2273 spirat
701 2198 738 2254 ab
761 2199 831 2275 igne
850 2205 937 2256 tuae:

248 2280 410 2359 Ignotoque
432 2281 522 2339 rudos
544 2290 715 2357 praetentat
734 2282 879 2359 Apolline
901 2300 1022 2356 seusus,

288 2365 494 2442 Quaecunque
518 2368 593 2425 haec
617 2368 662 2426 vis
684 2375 742 2442 est,
764 2369 855 2444 quam'
872 2377 943 2428 tuus
966 2370 1162 2429 afflatamor.

250 2449 312 2510 Nec
334 2471 407 2511 vero
431 2459 561 2509 metuam
586 2472 624 2510 ne
646 2453 702 2512 sim
725 2453 792 2512 siue
814 2453 947 2511 carmine
969 2463 1066 2528 rates,
1097 2455 1105 2472 ⁶

288 2537 362 2613 Ipsa
381 2555 480 2594 meum
502 2536 597 2595 virtus
618 2557 687 2595 nam
710 2545 762 2596 tua
784 2557 903 2596 carmen
920 2539 985 2597 erit.

289 2705 338 2763 37.
389 2707 449 2764 Iao.
482 2707 614 2782 Anpusto
648 2707 785 2778 Theano,
816 2708 913 2765 Notae
939 2710 971 2764 in
1002 2710 1117 2768 Novam

497 2791 707 2849 Testamentum
732 2793 915 2867 ejflnpitanti.

250 2873 401 2934 OMusas
425 2883 456 2932 et
477 2894 534 2935 nos
556 2875 646 2952 parili
668 2875 848 2951 complexus
873 2893 988 2948 amore,

288 2960 444 3016 Musarum
469 2967 499 3018 et
520 2971 658 3018 nostrum
681 2960 779 3033 dulce,
802 2960 941 3032 Thusue‚
966 2959 1076 3029 decus3

248 3042 305 3101 Pro
327 3063 386 3119 quo
409 3063 467 3102 uon
490 3045 622 3105 dubitem
646 3053 726 3104 totas
750 3061 797 3102 err‘
810 3044 913 3104 ordine
936 3053 1053 3116 unctes,

288 3127 440 3188 Noctibus
464 3138 494 3188 et
516 3138 595 3189 totos
618 3129 795 3189 continuere
818 3130 901 3200 dies3

249 3209 326 3285 Quid
349 3233 397 3270 mc
419 3214 513 3272 divini
534 3215 600 3274 velo
623 3223 772 3274 summota
794 3215 907 3274 silentii

289 3298 382 3376 Legis
405 3300 603 3377 Apostolicae
625 3307 749 3377 tangere
774 3318 861 3359 sacra
880 3299 990 3358 iubes?

249 3381 324 3440 Ecce
348 3383 547 3459 profanorum
568 3384 702 3443 maculas
724 3385 848 3444 abolere
871 3392 1027 3460 parentem
1101 3379 1106 3389 ’

288 3467 456 3544 impatiens
476 3470 540 3527 veri
563 3489 626 3528 uon
646 3470 715 3528 tulit
735 3469 860 3527 invidia.

251 3547 370 3611 Scilicet
391 3553 421 3611 in
447 3573 516 3612 vero
539 3573 641 3612 verum
661 3555 812 3632 patienter
832 3554 986 3625 amabunt,

289 3635 348 3710 Qui
368 3657 471 3698 verum
487 3639 517 3697 in
537 3639 625 3717 nugis
649 3659 706 3698 nou
730 3646 852 3714 potuere
873 3637 944 3715 pati.

249 3717 371 3780 Illorum
392 3723 418 3782 si
441 3724 508 3784 luce
531 3743 587 3783 sua
608 3723 803 3800 praestringit
819 3721 934 3781 ocellos

290 3803 344 3866 Sol
366 3827 463 3881 meus,
481 3818 548 3868 uret
566 3827 620 3868 eos
645 3810 693 3883 sol
716 3827 802 3867 meus
824 3807 980 3886 ignesco.

910 3985 955 4047 3.
