3000 4725
709 608 861 703 *3-ερ-

327 778 369 837 et
574 775 709 837 Latonae
729 778 869 853 suffimen,
889 796 999 837 marra

328 863 356 924 0
379 863 498 921 Latona
519 858 728 940 gemellipara,
748 864 897 936 trabeata,
917 862 1061 936 verenda,

326 947 423 1008 Nerio
447 945 604 1020 Ooeantis,
628 946 755 1005 multum
777 948 880 1021 vetita,
903 949 1064 1025 modisque

326 1032 499 1110 Morigeris,
522 1031 610 1091 Iovio
633 1040 721 1107 partu
745 1032 894 1091 ditescere
915 1032 996 1091 dnlci

325 1118 499 1177 Promerita
520 1136 566 1190 es,
586 1116 737 1175 Febrnnm
756 1117 924 1194 lanamque
944 1118 1209 1195 sagittipotentem

325 1204 552 1282 Progenerans,
574 1202 655 1259 hune
675 1202 707 1259 in
729 1201 823 1275 Delo,
845 1222 913 1261 eam
935 1202 967 1261 in
988 1203 1118 1281 Ortygia
1139 1206 1215 1265 alta

325 1289 407 1367 Ergo
428 1289 487 1345 hue
508 1286 655 1345 adventas
674 1288 832 1363 praesenti
854 1288 977 1347 numine
997 1288 1069 1362 Dia,

326 1372 397 1433 Hne
418 1372 503 1446 ades,
527 1378 559 1429 et
580 1389 670 1431 saero
692 1372 735 1431 sis
758 1372 834 1430 felix
855 1372 1055 1449 pandiculeri.

326 1542 368 1602 35
573 1541 706 1600 Deianee
724 1542 866 1617 suffimen,
888 1560 1005 1600 manno.

325 1626 405 1699 Huc,
428 1627 487 1685 hue
503 1646 522 1683 n
544 1626 659 1703 regina,
682 1626 767 1685 Iovis
788 1626 989 1685 celeberrima
1008 1626 1104 1705 virgo,

325 1712 450 1784 Libera,
470 1710 628 1787 famigera,
650 1709 773 1784 Titana,
796 1712 1080 1789 sagittipotensque,

325 1796 486 1869 venatrix,
505 1796 624 1855 Lucina
646 1814 771 1872 parens,
792 1796 966 1869 manifesta,
986 1797 1136 1873 paranda,

324 1883 478 1941 Pertubus
501 1880 633 1939 adiutrix
653 1882 792 1955 maturis,
814 1882 963 1958 partubus
983 1900 1104 1957 expers,

327 1966 446 2039 Ginaia,
467 1964 635 2043 enrit'ugax,
658 1967 823 2043 ceritaque,
844 1967 1048 2043 vertagiduea,

325 2051 522 2128 Noetuvolga
543 2050 622 2122 Dea,
645 2050 828 2124 arcitenens,
851 2051 1001 2125 venatica,
1023 2051 1148 2128 pernix,

325 2138 493 2209 Verrunca,
515 2144 544 2193 et
564 2134 754 2209 Beneventa,
775 2135 981 2212 Calendaque,
994 2136 1248 2214 maseuliformis,

324 2220 658 2293 Porrima,nummsnia
668 2229 757 2296 atque
765 2222 917 2279 hominum
927 2222 1123 2281 sanctissima
1132 2226 1248 2298 nutrix,

326 2306 502 2378 Summana,
522 2306 665 2383 agrestis,
684 2307 821 2381 ierieida,
839 2308 941 2380 beata,
963 2306 1114 2384 locuples,

326 2391 413 2466 Quae
433 2392 520 2450 lucos
541 2390 673 2465 habitas,
697 2392 882 2464 castissime,
901 2392 1110 2469 eeryitrneida,

324 2475 446 2554 Regina
468 2483 607 2553 augusta,
628 2483 658 2533 et
680 2477 769 2535 viridi
789 2478 965 2553 spectabilis
987 2483 1093 2550 aevo,⁰

326 2561 475 2635 Curionis,
496 2562 671 2634 Vortumna,
694 2560 836 2636 (lanaria,
854 2563 1009 2639 segetulis,

324 2646 396 2706 Hue
416 2647 522 2706 venias
545 2647 603 2704 hue
621 2645 713 2718 Diva,
733 2647 795 2706 tuis
821 2655 852 2705 et
873 2648 990 2724 sospita
1011 2653 1042 2703 et
1063 2646 1146 2703 alma

324 2732 529 2793 Praestitibns
552 2731 664 2789 dueens
688 2733 780 2790 terrai
802 2732 928 2809 pignora
948 2732 1067 2789 adulta:

325 2817 473 2894 Donaque
493 2817 577 2894 pacis
600 2835 756 2890 amoenae,
778 2817 1053 2893 polerieomamque
1074 2816 1224 2875 salutem:

324 2903 420 2978 Inque
442 2903 523 2962 altos
543 2910 659 2970 montes
679 2901 798 2978 protela
817 2902 937 2976 funera,
955 2903 1086 2961 morbos.

325 3071 366 3132 36
580 3073 750 3130 Titanorum
770 3073 912 3147 suffimen,
934 3082 989 3129 tae.

324 3155 427 3216 Titani
447 3163 545 3213 terrae
567 3163 597 3213 et
616 3156 696 3214 coeli
713 3155 922 3215 illustrissima
943 3155 1065 3231 stirpes,

322 3240 509 3300 Nostrorum
531 3240 639 3319 proavi
660 3249 791 3317 patrum,
821 3240 1053 3322 intrakTartara
1072 3257 1181 3317 regna,

324 3325 460 3388 Aedibus
484 3326 630 3385 horrificis
649 3334 750 3386 terrae
772 3326 920 3385 intestine
944 3325 1091 3396 colentes,
1175 3346 1179 3358 ·

322 3411 513 3487 Principium
534 3418 569 3468 et·
586 3429 689 3470 semen
711 3412 827 3470 eunetis
850 3410 1054 3469 animantibus
1076 3409 1191 3486 aegris,

323 3497 414 3556 Aeris
437 3503 467 3553 et
485 3497 577 3555 maris
596 3503 626 3554 et
648 3496 741 3554 terrai
761 3496 933 3573 frugiferai:

323 3582 374 3643 Ex
395 3580 481 3640 vobis
504 3581 654 3655 siquidem
676 3582 844 3658 generatim
869 3589 917 3640 est
932 3580 1022 3638 omni'
1046 3595 1197 3656 propago.

322 3666 385 3728 Vos
407 3683 547 3737 veneror,
568 3664 630 3724 iras
652 3684 905 3726 averruncassere
923 3659 1054 3740 iniquas,

323 3745 359 3812 si
380 3749 448 3827 quis
469 3751 508 3808 ab
526 3749 664 3810 indufero
683 3759 787 3810 nostra
807 3753 931 3811 incubat
952 3750 1028 3808 aede
1050 3746 1175 3813 Senatu.
