3000 4725
748 612 902 709 330-
972 622 978 635 .

365 776 407 842 ‘H
429 777 524 861 ζημία
541 776 682 860 πέφυκεν
704 775 739 839 ἐκ
762 778 950 861 περιουσίας.

366 858 404 926 ’E
427 861 506 945 θροῦ
528 865 683 947 φρονῆσαι
705 863 835 944 μᾶλλον,
856 886 875 945 η
903 864 1008 926 λαλεῖν
1029 863 1112 949 πέρι.
1188 906 1190 913 1

364 885 491 1014 Ἀθῶός
514 945 587 1021 ἐστι,
605 944 725 1029 χρηστὰ
743 946 920 1091 βουλεύειν,
941 947 1039 1032 τριβή.

368 1027 538 1096 Βουλευτέ’
562 1030 625 1091 ἐστὶ
647 1030 702 1111 δην
724 1052 740 1090 τ
784 1030 864 1100 όίπαξ
886 1031 1039 1116 κυριυτέα.

361 1111 468 1183 Ὅστις
487 1113 620 1177 πέποιθε
642 1118 682 1197 τῇ
701 1114 815 1197 πλοίνη,
838 1137 948 1200 παραφ
970 1122 1044 1179 ονεῖ.

368 1196 615 1304 Καταρρόνησον
638 1202 753 1281 κτῆσιν,
776 1200 818 1261 ὧν
844 1200 927 1263 όλεῖν
951 1139 1037 1283 θόνη.

370 1282 458 1348 Πόλλ
490 1283 561 1345 ῦστε
582 1288 613 1345 εῖ
630 1280 748 1365 πένητι,
769 1287 828 1346 πᾶν
853 1285 1041 1371 φιλαργόριμ.

369 1369 477 1433 Δεινδν
501 1368 535 1430 τδ
557 1306 639 1450 θῆλυ
662 1366 925 1450 δακρυοπλαστεῖν
947 1367 1050 1450 γόους.

369 1450 494 1538 Χρόνου
517 1452 547 1534 γ’
573 1452 708 1513 ῦποπτον
730 1452 842 1534 δῶρον.
865 1452 996 1536 ἁρπάζει
1018 1452 1109 1539 ταχῦ.

369 1537 541 1620 Δυσηκοεῖν
566 1536 616 1598 δεῖ
633 1536 710 1641 πρὸς
731 1535 854 1619 τυχόντ’
875 1536 1063 1621 ἐγκλήματα.

360 1618 403 1686 Ὃ
454 1621 566 1704 ροῦδον
588 1621 753 1703 ήγνοηκας,
772 1620 829 1684 οῦκ
851 1620 999 1684 ἀπόλωλέ
1024 1644 1082 1687 σοι.

369 1644 531 1789 Μαθήτρι’
550 1704 630 1766 ἐστὶν
653 1705 672 1785 ή
691 1703 816 1767 ’πιοῦσα
836 1709 1036 1789 τῆςπροτοῦ.

366 1786 405 1854 ‘0
432 1788 520 1853 όνοια
541 1788 653 1871 μείζων
676 1788 711 1850 ἐκ
733 1791 929 1871 καταλλαγῆς
950 1786 1020 1874 έφυ.

368 1871 449 1956 Νικη
473 1872 583 1957 ταχείᾳ
605 1873 655 1934 δεῖ
673 1878 873 1957 παρασκευῆς
895 1878 1022 1958 μακρᾶς.

370 1956 510 2020 Φθίνοιτ’
537 1955 572 2019 ἄν
594 1954 689 2037 ἄλγος
711 1956 753 2040 μὴ
779 1956 918 2027 αὐξάνειν
941 1955 1014 2043 ἔχον
1037 1957 1156 2042 πρόσιυ.

368 2040 477 2124 Βουλὴ
501 2044 676 2124 στρατηγῶν
698 2040 777 2103 ἐστὶν
801 2041 927 2125 ἀνδρεία
951 2047 1092 2126 στρατοῦ.

368 2122 583 2209 Εόημεροῦσιν
604 2125 719 2207 αἵρεσις
740 2126 876 2189 θοινσίτου
899 2126 990 2210 καλή.

370 2210 501 2291 Φεόγειν
525 2210 558 2271 τδ
581 2208 691 2291 κέρδος
715 2210 778 2272 ἐστὶ
804 2211 961 2295 βασιλείας
981 2216 1112 2294 κρατεῖν.

367 2293 533 2376 Ἀνενδεής
554 2292 593 2371 εί,
618 2292 690 2355 ὅσον
715 2294 886 2357 ἐλαττόνων
915 2294 995 2380 ἐρᾷς.

362 2375 422 2448 Ὦς
445 2378 523 2440 ἐστιν
548 2378 708 2462 ἐγγήραμα
732 2379 824 2442 δυστυ
849 2373 1028 2464 ἐς,”φόβοςί

359 2461 422 2527 Ὃν
443 2464 532 2547 χοίρις
554 2462 689 2546 ἐλήφθη,
710 2461 795 2525 τόνδ’
821 2403 980 2549 όφειλεται
998 2463 1122 2548 τρόπον.

366 2544 480 2632 Ὀργὴν
501 2547 643 2631 ἀφαιρεῖν
669 2549 703 2609 τὸ
727 2546 830 2633 βέλος,
859 2549 895 2612 οῦ
918 2549 1035 2625 δοῦναι,
1059 2547 1182 2634 πρέπει.Ι
1304 2535 1305 2538 “

370 2631 498 2716 Πέφυκε
520 2629 654 2714 ταχύτης
674 2635 725 2695 καὶ
749 2633 881 2717 βραδεῖα
902 2637 946 2738 τιβ
967 2632 1068 2719 πόθιρ.

372 2715 513 2780 Θανάτου
530 2714 597 2777 ’σθ’
622 2717 743 2802 ἑταῖρος
765 2717 879 2801 ἀκλεής
901 2719 966 2804 βιος
987 2719 1098 2820 βροτιβ.

371 2799 497 2885 Μέρους
516 2799 659 2862 κακίστου
681 2801 796 2885 τέκμαρ
821 2800 916 2887 ὄχλος
939 2801 1005 2863 ἐστ’
1025 2801 1083 2864 ἀει.

370 2883 446 2953 Βίος
466 2885 566 2969 ἀθλίῳ
590 2887 744 2967 μήκιστος,
768 2885 864 2970 όλβίιρ
886 2885 1012 2970 βραχός.
1071 2935 1074 2944 ,

368 2968 499 3054 Ἀρετῆς
520 2969 673 3053 ἀφορμὴν,
687 2973 737 3033 καὶ
753 2973 787 3034 τὸ
810 2969 983 3054 δυστόχημ’
1005 2968 1081 3054 ἔχει.

371 3051 444 3122 Τοῖς
467 3053 587 3122 ἀθλίοις
607 3058 678 3122 νοῦς
700 3056 824 3137 ὑστερεῖ
842 3077 875 3116 τε
895 3055 946 3117 καὶ
968 3052 1048 3138 πέρι.

367 3136 408 3202 Ἡ
430 3137 611 3222 καρτέρησίς
632 3138 696 3200 ἐστι
718 3138 883 3222 δυστυχίας
903 3140 1003 3221 λιμήν.

370 3220 433 3284 Καὶ
454 3226 517 3290 τοῖς
535 3221 685 3286 ποθοῦσιν
709 3221 828 3304 ὠκύτης
850 3223 914 3286 ἐστὶ
939 3222 1037 3308 τριβή.

365 3302 404 3368 Ἐ
428 3327 456 3367 ει
480 3307 534 3388 μὲν
560 3306 636 3368 ἰδίαν
657 3307 709 3369 καὶ
733 3306 818 3370 σκιὰν
840 3309 859 3388 ἡ
885 3306 951 3389 θρλΕ
978 3307 1042 3389 μία.

372 3392 496 3457 Δικαιος
516 3390 651 3474 ἐχθροῖς,
672 3392 778 3458 πιστὸς
797 3390 828 3452 ἐν
853 3393 990 3476 βουλαῖς,
1012 3387 1110 3452 πέλει.

371 3470 442 3557 Κᾷκ
463 3477 523 3536 τῶν
544 3473 659 3538 ἀθώων
681 3476 797 3558 ψεῦδος
816 3475 960 3562 ἐκβάλλει
979 3473 1082 3541 πόνος.
1172 3534 1175 3538 ,

371 3555 433 3621 Καὶ
454 3560 712 3640 πλημμελοῦντας
733 3559 812 3622 ἐστιν
836 3560 974 3641 εὐορκεῖν
997 3557 1096 3641 θέμις.

366 3639 469 3705 Ἔστιν
492 3642 510 3704 ό
530 3664 563 3704 τε
586 3643 667 3726 λήθη
688 3645 754 3727 χῶν
778 3666 835 3727 περ
856 3643 953 3718 οἶδας,
977 3643 1105 3727 ὠφελεῖ.

364 3721 471 3812 Ὕβριν
492 3749 528 3810 γε
552 3730 636 3809 μισεῖ
653 3727 758 3811 χῦστις
780 3729 911 3836 ὑβρίζειν
936 3729 1030 3812 φιλεῖ.

372 3806 411 3874 Εἰ
431 3812 483 3875 καὶ
506 3810 640 3895 μέμυκεν
663 3811 763 3890 ἕλκος,
787 3837 805 3897 η
826 3811 858 3896 γ’
885 3810 963 3895 οὐλὴ
988 3813 1083 3894 μενεῖ.
1135 3823 1144 3848 ¹
