<?xml version="1.0" encoding="UTF-8"?>
<!DOCTYPE html PUBLIC "-//W3C//DTD XHTML 1.0 Transitional//EN"
    "http://www.w3.org/TR/xhtml1/DTD/xhtml1-transitional.dtd">
<html xmlns="http://www.w3.org/1999/xhtml" xml:lang="en" lang="en">
 <head>
  <title>
</title>
<meta http-equiv="Content-Type" content="text/html;charset=utf-8" />
  <meta name='ocr-system' content='tesseract 3.04.00' />
  <meta name='ocr-capabilities' content='ocr_page ocr_carea ocr_par ocr_line ocrx_word'/>
</head>
<body>
  <div class='ocr_page' id='page_1' title='image "./iosephiscaliger00scalgoog_0241.png"; bbox 0 0 3000 4725; ppageno 0'>
   <div class='ocr_carea' id='block_1_1' title="bbox 240 644 1081 3759">
    <p class='ocr_par' dir='ltr' id='par_1_1' title="bbox 240 644 1081 3759">
     <span class='ocr_line' id='line_1_1' title="bbox 686 644 749 705; baseline 0.032 -2"><span class='ocrx_word' id='word_1_1' title='bbox 686 644 749 705; x_wconf 73' lang='lat'>243</span> 
     </span>
     <span class='ocr_line' id='line_1_2' title="bbox 252 806 935 895; baseline -0.001 -23"><span class='ocrx_word' id='word_1_2' title='bbox 252 806 304 873; x_wconf 84' lang='grc' dir='ltr'>Ἐν</span> <span class='ocrx_word' id='word_1_3' title='bbox 325 813 372 893; x_wconf 76' lang='grc' dir='ltr'>τῷ</span> <span class='ocrx_word' id='word_1_4' title='bbox 398 809 521 871; x_wconf 88' lang='grc' dir='ltr'>δικάσαι</span> <span class='ocrx_word' id='word_1_5' title='bbox 538 808 573 870; x_wconf 91' lang='grc' dir='ltr'>τδ</span> <span class='ocrx_word' id='word_1_6' title='bbox 594 810 672 895; x_wconf 86' lang='grc' dir='ltr'>ταχδ</span> <span class='ocrx_word' id='word_1_7' title='bbox 693 813 765 887; x_wconf 78' lang='grc' dir='ltr'>πᾶν,</span> <span class='ocrx_word' id='word_1_8' title='bbox 788 808 935 873; x_wconf 76' lang='grc' dir='ltr'>ὑπαίτιον.</span> 
     </span>
     <span class='ocr_line' id='line_1_3' title="bbox 254 891 1059 978; baseline 0 -21"><span class='ocrx_word' id='word_1_9' title='bbox 254 893 424 961; x_wconf 90' lang='grc' dir='ltr'>Φειδωλδς</span> <span class='ocrx_word' id='word_1_10' title='bbox 445 891 481 955; x_wconf 84' lang='grc' dir='ltr'>οὔ</span> <span class='ocrx_word' id='word_1_11' title='bbox 502 914 564 977; x_wconf 81' lang='grc' dir='ltr'>τεῳ</span> <span class='ocrx_word' id='word_1_12' title='bbox 585 894 730 978; x_wconf 85' lang='grc' dir='ltr'>γρηστδς,</span> <span class='ocrx_word' id='word_1_13' title='bbox 752 892 824 956; x_wconf 82' lang='grc' dir='ltr'>ἐσθ’</span> <span class='ocrx_word' id='word_1_14' title='bbox 848 892 933 978; x_wconf 77' lang='grc' dir='ltr'>αὑτῷ</span> <span class='ocrx_word' id='word_1_15' title='bbox 954 892 1059 964; x_wconf 86' lang='grc' dir='ltr'>κακίς.</span> 
     </span>
     <span class='ocr_line' id='line_1_4' title="bbox 249 960 969 1124; baseline 0.001 -83"><span class='ocrx_word' id='word_1_16' title='bbox 249 975 303 1041; x_wconf 84' lang='grc' dir='ltr'>Ἐν</span> <span class='ocrx_word' id='word_1_17' title='bbox 329 981 429 1040; x_wconf 90' lang='grc' dir='ltr'>τοῖσιν</span> <span class='ocrx_word' id='word_1_18' title='bbox 449 976 578 1062; x_wconf 79' lang='grc' dir='ltr'>ἀπόροις</span> <span class='ocrx_word' id='word_1_19' title='bbox 597 960 661 1041; x_wconf 79' lang='grc' dir='ltr'>ἐστὶ</span> <span class='ocrx_word' id='word_1_20' title='bbox 680 980 860 1124; x_wconf 80' lang='grc' dir='ltr'>παράβολον</span> <span class='ocrx_word' id='word_1_21' title='bbox 878 978 969 1042; x_wconf 77' lang='grc' dir='ltr'>πολύ.</span> 
     </span>
     <span class='ocr_line' id='line_1_5' title="bbox 251 1058 914 1148; baseline -0.006 -21"><span class='ocrx_word' id='word_1_22' title='bbox 251 1058 320 1127; x_wconf 78' lang='grc' dir='ltr'>Οὔκ</span> <span class='ocrx_word' id='word_1_23' title='bbox 345 1060 404 1123; x_wconf 83' lang='grc' dir='ltr'>είσ’</span> <span class='ocrx_word' id='word_1_24' title='bbox 427 1062 565 1147; x_wconf 79' lang='grc' dir='ltr'>ὑβρισταὶ</span> <span class='ocrx_word' id='word_1_25' title='bbox 588 1063 737 1148; x_wconf 81' lang='grc' dir='ltr'>σχετλίων</span> <span class='ocrx_word' id='word_1_26' title='bbox 782 1062 914 1145; x_wconf 89' lang='grc' dir='ltr'>κληρίαι.</span> 
     </span>
     <span class='ocr_line' id='line_1_6' title="bbox 249 1145 955 1231; baseline 0 -22"><span class='ocrx_word' id='word_1_27' title='bbox 249 1145 383 1209; x_wconf 72' lang='grc' dir='ltr'>Σίνοιδ</span> <span class='ocrx_word' id='word_1_28' title='bbox 405 1147 422 1208; x_wconf 99' lang='lat'>6</span> <span class='ocrx_word' id='word_1_29' title='bbox 468 1145 559 1230; x_wconf 87' lang='grc' dir='ltr'>είρων</span> <span class='ocrx_word' id='word_1_30' title='bbox 583 1146 629 1215; x_wconf 91' lang='grc' dir='ltr'>οῖς</span> <span class='ocrx_word' id='word_1_31' title='bbox 652 1149 669 1210; x_wconf 99' lang='lat'>6</span> <span class='ocrx_word' id='word_1_32' title='bbox 690 1147 834 1231; x_wconf 81' lang='grc' dir='ltr'>κρείττων</span> <span class='ocrx_word' id='word_1_33' title='bbox 857 1145 955 1229; x_wconf 84' lang='grc' dir='ltr'>ἤλιτε.</span> 
     </span>
     <span class='ocr_line' id='line_1_7' title="bbox 243 1169 967 1316; baseline -0.001 -22"><span class='ocrx_word' id='word_1_34' title='bbox 243 1229 285 1294; x_wconf 88' lang='grc' dir='ltr'>Ἡ</span> <span class='ocrx_word' id='word_1_35' title='bbox 310 1230 355 1293; x_wconf 86' lang='grc' dir='ltr'>δι’</span> <span class='ocrx_word' id='word_1_36' title='bbox 380 1169 513 1310; x_wconf 54' lang='grc' dir='ltr'>εδγέεί</span> <span class='ocrx_word' id='word_1_37' title='bbox 538 1230 602 1293; x_wconf 83' lang='grc' dir='ltr'>ἐστ’</span> <span class='ocrx_word' id='word_1_38' title='bbox 618 1232 815 1295; x_wconf 82' lang='grc' dir='ltr'>ἀνεπίδεκτον</span> <span class='ocrx_word' id='word_1_39' title='bbox 839 1231 967 1316; x_wconf 80' lang='grc' dir='ltr'>ὕβρεως.</span> 
     </span>
     <span class='ocr_line' id='line_1_8' title="bbox 244 1312 880 1398; baseline 0 -19"><span class='ocrx_word' id='word_1_40' title='bbox 244 1314 397 1383; x_wconf 77' lang='grc' dir='ltr'>Ἀναξίου</span> <span class='ocrx_word' id='word_1_41' title='bbox 422 1312 570 1398; x_wconf 81' lang='grc' dir='ltr'>δεόμενος</span> <span class='ocrx_word' id='word_1_42' title='bbox 591 1316 707 1384; x_wconf 84' lang='grc' dir='ltr'>ἀδικεῖς</span> <span class='ocrx_word' id='word_1_43' title='bbox 727 1314 880 1398; x_wconf 81' lang='grc' dir='ltr'>τούγενές.</span> 
     </span>
     <span class='ocr_line' id='line_1_9' title="bbox 240 1394 955 1485; baseline -0.007 -22"><span class='ocrx_word' id='word_1_44' title='bbox 240 1394 408 1467; x_wconf 74' lang='grc' dir='ltr'>Ἀπαντας</span> <span class='ocrx_word' id='word_1_45' title='bbox 429 1396 541 1484; x_wconf 84' lang='grc' dir='ltr'>ἔβλαψ’</span> <span class='ocrx_word' id='word_1_46' title='bbox 567 1400 696 1468; x_wconf 86' lang='grc' dir='ltr'>ἀθλίους</span> <span class='ocrx_word' id='word_1_47' title='bbox 716 1401 882 1485; x_wconf 84' lang='grc' dir='ltr'>ἀχάριστος</span> <span class='ocrx_word' id='word_1_48' title='bbox 902 1397 955 1466; x_wconf 82' lang='grc' dir='ltr'>εἷς.</span> 
     </span>
     <span class='ocr_line' id='line_1_10' title="bbox 247 1481 1017 1569; baseline -0.004 -22"><span class='ocrx_word' id='word_1_49' title='bbox 247 1481 389 1569; x_wconf 84' lang='grc' dir='ltr'>Ἐχθρὸν</span> <span class='ocrx_word' id='word_1_50' title='bbox 413 1484 581 1568; x_wconf 84' lang='grc' dir='ltr'>φοβεῖσθαι</span> <span class='ocrx_word' id='word_1_51' title='bbox 601 1486 652 1547; x_wconf 88' lang='grc' dir='ltr'>καὶ</span> <span class='ocrx_word' id='word_1_52' title='bbox 672 1485 880 1568; x_wconf 75' lang='grc' dir='ltr'>χαμαίζηλον,</span> <span class='ocrx_word' id='word_1_53' title='bbox 904 1486 1017 1566; x_wconf 80' lang='grc' dir='ltr'>σοφοῦ.</span> 
     </span>
     <span class='ocr_line' id='line_1_11' title="bbox 248 1566 908 1652; baseline -0.005 -21"><span class='ocrx_word' id='word_1_54' title='bbox 248 1566 346 1631; x_wconf 92' lang='grc' dir='ltr'>Τῖσαι</span> <span class='ocrx_word' id='word_1_55' title='bbox 367 1569 419 1629; x_wconf 94' lang='grc' dir='ltr'>τδν</span> <span class='ocrx_word' id='word_1_56' title='bbox 443 1568 557 1652; x_wconf 85' lang='grc' dir='ltr'>ἐχθρόν</span> <span class='ocrx_word' id='word_1_57' title='bbox 580 1568 643 1631; x_wconf 84' lang='grc' dir='ltr'>ἐστι</span> <span class='ocrx_word' id='word_1_58' title='bbox 666 1569 810 1652; x_wconf 82' lang='grc' dir='ltr'>δεύτερος</span> <span class='ocrx_word' id='word_1_59' title='bbox 834 1569 908 1652; x_wconf 81' lang='grc' dir='ltr'>βίος.</span> 
     </span>
     <span class='ocr_line' id='line_1_12' title="bbox 247 1652 852 1737; baseline -0.005 -22"><span class='ocrx_word' id='word_1_60' title='bbox 247 1653 343 1735; x_wconf 79' lang='grc' dir='ltr'>Λήθη</span> <span class='ocrx_word' id='word_1_61' title='bbox 366 1653 498 1737; x_wconf 83' lang='grc' dir='ltr'>βαρειῶν</span> <span class='ocrx_word' id='word_1_62' title='bbox 521 1652 600 1714; x_wconf 84' lang='grc' dir='ltr'>ἐστὶν</span> <span class='ocrx_word' id='word_1_63' title='bbox 624 1653 743 1737; x_wconf 78' lang='grc' dir='ltr'>ὕβρεων</span> <span class='ocrx_word' id='word_1_64' title='bbox 768 1652 852 1720; x_wconf 79' lang='grc' dir='ltr'>ἄκος.</span> 
     </span>
     <span class='ocr_line' id='line_1_13' title="bbox 247 1734 965 1821; baseline -0.004 -22"><span class='ocrx_word' id='word_1_65' title='bbox 247 1735 353 1820; x_wconf 84' lang='grc' dir='ltr'>Χάριν</span> <span class='ocrx_word' id='word_1_66' title='bbox 381 1736 521 1821; x_wconf 81' lang='grc' dir='ltr'>δεομένῳ</span> <span class='ocrx_word' id='word_1_67' title='bbox 542 1737 587 1804; x_wconf 80' lang='grc' dir='ltr'>δὶς</span> <span class='ocrx_word' id='word_1_68' title='bbox 609 1737 721 1800; x_wconf 83' lang='grc' dir='ltr'>δίδωσ’</span> <span class='ocrx_word' id='word_1_69' title='bbox 743 1739 759 1801; x_wconf 91' lang='lat'>6</span> <span class='ocrx_word' id='word_1_70' title='bbox 786 1736 859 1802; x_wconf 80' lang='grc' dir='ltr'>δοὺς</span> <span class='ocrx_word' id='word_1_71' title='bbox 876 1734 965 1818; x_wconf 83' lang='grc' dir='ltr'>ταχύ.</span> 
     </span>
     <span class='ocr_line' id='line_1_14' title="bbox 247 1819 909 1905; baseline -0.003 -22"><span class='ocrx_word' id='word_1_72' title='bbox 247 1819 355 1903; x_wconf 80' lang='grc' dir='ltr'>Παόρ’</span> <span class='ocrx_word' id='word_1_73' title='bbox 382 1821 504 1904; x_wconf 87' lang='grc' dir='ltr'>ὑστερεῖ</span> <span class='ocrx_word' id='word_1_74' title='bbox 521 1819 638 1903; x_wconf 85' lang='grc' dir='ltr'>πένητι,</span> <span class='ocrx_word' id='word_1_75' title='bbox 660 1820 763 1884; x_wconf 78' lang='grc' dir='ltr'>πολλὰ</span> <span class='ocrx_word' id='word_1_76' title='bbox 785 1820 909 1905; x_wconf 90' lang='grc' dir='ltr'>κίμβικι.</span> 
     </span>
     <span class='ocr_line' id='line_1_15' title="bbox 246 1902 913 1988; baseline -0.001 -21"><span class='ocrx_word' id='word_1_77' title='bbox 246 1902 415 1988; x_wconf 86' lang='grc' dir='ltr'>Μεμηνάτ’</span> <span class='ocrx_word' id='word_1_78' title='bbox 439 1905 526 1987; x_wconf 79' lang='grc' dir='ltr'>ἀνδρὶ</span> <span class='ocrx_word' id='word_1_79' title='bbox 547 1909 608 1972; x_wconf 83' lang='grc' dir='ltr'>πᾶς</span> <span class='ocrx_word' id='word_1_80' title='bbox 626 1905 795 1988; x_wconf 80' lang='grc' dir='ltr'>μεμηνέναι</span> <span class='ocrx_word' id='word_1_81' title='bbox 818 1906 913 1967; x_wconf 87' lang='grc' dir='ltr'>δοκεῖ.</span> 
     </span>
     <span class='ocr_line' id='line_1_16' title="bbox 241 1986 944 2073; baseline -0.003 -23"><span class='ocrx_word' id='word_1_82' title='bbox 241 1986 418 2057; x_wconf 85' lang='grc' dir='ltr'>Ἕνσκευος</span> <span class='ocrx_word' id='word_1_83' title='bbox 440 1987 533 2051; x_wconf 69' lang='grc' dir='ltr'>ἕνδεκ’</span> <span class='ocrx_word' id='word_1_84' title='bbox 560 1989 667 2073; x_wconf 84' lang='grc' dir='ltr'>ὀλβίου</span> <span class='ocrx_word' id='word_1_85' title='bbox 690 1991 724 2060; x_wconf 84' lang='grc' dir='ltr'>τδ</span> <span class='ocrx_word' id='word_1_86' title='bbox 746 1991 944 2073; x_wconf 81' lang='grc' dir='ltr'>φιλάργυρον.</span> 
     </span>
     <span class='ocr_line' id='line_1_17' title="bbox 246 2071 1010 2158; baseline -0.004 -22"><span class='ocrx_word' id='word_1_87' title='bbox 246 2072 329 2136; x_wconf 74' lang='grc' dir='ltr'>Ποῖ’</span> <span class='ocrx_word' id='word_1_88' title='bbox 349 2073 423 2148; x_wconf 84' lang='grc' dir='ltr'>ἐστὶ,</span> <span class='ocrx_word' id='word_1_89' title='bbox 447 2071 590 2156; x_wconf 79' lang='grc' dir='ltr'>μάνθαν’,</span> <span class='ocrx_word' id='word_1_90' title='bbox 616 2074 696 2136; x_wconf 84' lang='grc' dir='ltr'>ὥστε</span> <span class='ocrx_word' id='word_1_91' title='bbox 720 2075 805 2158; x_wconf 77' lang='grc' dir='ltr'>δρᾷν,</span> <span class='ocrx_word' id='word_1_92' title='bbox 826 2072 863 2135; x_wconf 83' lang='grc' dir='ltr'>τὰ</span> <span class='ocrx_word' id='word_1_93' title='bbox 881 2072 1010 2157; x_wconf 83' lang='grc' dir='ltr'>κρήγυοι.</span> 
     </span>
     <span class='ocr_line' id='line_1_18' title="bbox 247 2156 1045 2241; baseline -0.003 -20"><span class='ocrx_word' id='word_1_94' title='bbox 247 2156 381 2223; x_wconf 85' lang='grc' dir='ltr'>Φθόνος</span> <span class='ocrx_word' id='word_1_95' title='bbox 402 2159 436 2220; x_wconf 91' lang='grc' dir='ltr'>τδ</span> <span class='ocrx_word' id='word_1_96' title='bbox 460 2158 622 2241; x_wconf 86' lang='grc' dir='ltr'>βλαβερὸν,</span> <span class='ocrx_word' id='word_1_97' title='bbox 647 2158 683 2221; x_wconf 83' lang='grc' dir='ltr'>οίι</span> <span class='ocrx_word' id='word_1_98' title='bbox 706 2160 740 2221; x_wconf 90' lang='grc' dir='ltr'>τδ</span> <span class='ocrx_word' id='word_1_99' title='bbox 762 2158 921 2241; x_wconf 81' lang='grc' dir='ltr'>σύμφορον</span> <span class='ocrx_word' id='word_1_100' title='bbox 945 2156 1045 2219; x_wconf 90' lang='grc' dir='ltr'>λαλεῖ.</span> 
     </span>
     <span class='ocr_line' id='line_1_19' title="bbox 248 2240 1015 2326; baseline -0.005 -19"><span class='ocrx_word' id='word_1_101' title='bbox 248 2240 380 2309; x_wconf 80' lang='grc' dir='ltr'>Φθόνος</span> <span class='ocrx_word' id='word_1_102' title='bbox 401 2242 502 2324; x_wconf 80' lang='grc' dir='ltr'>λάθρα</span> <span class='ocrx_word' id='word_1_103' title='bbox 527 2243 593 2325; x_wconf 80' lang='grc' dir='ltr'>μὲν,</span> <span class='ocrx_word' id='word_1_104' title='bbox 616 2244 777 2326; x_wconf 81' lang='grc' dir='ltr'>δυσμενῶς</span> <span class='ocrx_word' id='word_1_105' title='bbox 799 2241 828 2304; x_wconf 84' lang='grc' dir='ltr'>δ’</span> <span class='ocrx_word' id='word_1_106' title='bbox 854 2241 1015 2325; x_wconf 72' lang='grc' dir='ltr'>ὀργίζεται.</span> 
     </span>
     <span class='ocr_line' id='line_1_20' title="bbox 244 2324 928 2412; baseline -0.001 -23"><span class='ocrx_word' id='word_1_107' title='bbox 244 2327 395 2393; x_wconf 85' lang='grc' dir='ltr'>Ἀνεκτδν</span> <span class='ocrx_word' id='word_1_108' title='bbox 416 2326 608 2412; x_wconf 79' lang='grc' dir='ltr'>εδψόχοισιν,</span> <span class='ocrx_word' id='word_1_109' title='bbox 627 2351 647 2411; x_wconf 94' lang='grc' dir='ltr'>η</span> <span class='ocrx_word' id='word_1_110' title='bbox 671 2329 786 2410; x_wconf 85' lang='grc' dir='ltr'>μάκαρι</span> <span class='ocrx_word' id='word_1_111' title='bbox 803 2324 928 2412; x_wconf 81' lang='grc' dir='ltr'>φθόνος.</span> 
     </span>
     <span class='ocr_line' id='line_1_21' title="bbox 246 2412 1017 2496; baseline -0.009 -18"><span class='ocrx_word' id='word_1_112' title='bbox 246 2413 400 2496; x_wconf 81' lang='grc' dir='ltr'>Παριδδιν</span> <span class='ocrx_word' id='word_1_113' title='bbox 422 2412 456 2474; x_wconf 91' lang='grc' dir='ltr'>τδ</span> <span class='ocrx_word' id='word_1_114' title='bbox 478 2412 679 2495; x_wconf 82' lang='grc' dir='ltr'>πλημμέλημ’</span> <span class='ocrx_word' id='word_1_115' title='bbox 706 2413 889 2496; x_wconf 84' lang='grc' dir='ltr'>ἁμαρτάνειν</span> <span class='ocrx_word' id='word_1_116' title='bbox 910 2413 1017 2478; x_wconf 81' lang='grc' dir='ltr'>ποιεῖς.</span> 
     </span>
     <span class='ocr_line' id='line_1_22' title="bbox 242 2495 824 2578; baseline -0.009 -16"><span class='ocrx_word' id='word_1_117' title='bbox 242 2495 375 2562; x_wconf 79' lang='grc' dir='ltr'>Ἀκοντ’</span> <span class='ocrx_word' id='word_1_118' title='bbox 401 2496 519 2578; x_wconf 81' lang='grc' dir='ltr'>ἐρύκων</span> <span class='ocrx_word' id='word_1_119' title='bbox 543 2496 684 2565; x_wconf 85' lang='grc' dir='ltr'>ἐκκαλεῖς</span> <span class='ocrx_word' id='word_1_120' title='bbox 703 2495 824 2566; x_wconf 76' lang='grc' dir='ltr'>ἐξιέναι.</span> 
     </span>
     <span class='ocr_line' id='line_1_23' title="bbox 244 2577 1081 2665; baseline -0.007 -19"><span class='ocrx_word' id='word_1_121' title='bbox 244 2579 367 2665; x_wconf 86' lang='grc' dir='ltr'>Ὀργὴν</span> <span class='ocrx_word' id='word_1_122' title='bbox 389 2581 543 2664; x_wconf 84' lang='grc' dir='ltr'>φυλάττου</span> <span class='ocrx_word' id='word_1_123' title='bbox 565 2579 696 2665; x_wconf 83' lang='grc' dir='ltr'>βραχέα,</span> <span class='ocrx_word' id='word_1_124' title='bbox 723 2583 777 2665; x_wconf 84' lang='grc' dir='ltr'>τὴν</span> <span class='ocrx_word' id='word_1_125' title='bbox 801 2579 917 2664; x_wconf 89' lang='grc' dir='ltr'>έχθραν</span> <span class='ocrx_word' id='word_1_126' title='bbox 941 2577 973 2641; x_wconf 80' lang='grc' dir='ltr'>δ’</span> <span class='ocrx_word' id='word_1_127' title='bbox 997 2579 1081 2642; x_wconf 50' lang='grc' dir='ltr'>ἀεί,</span> 
     </span>
     <span class='ocr_line' id='line_1_24' title="bbox 248 2663 923 2813; baseline -0.007 -83"><span class='ocrx_word' id='word_1_128' title='bbox 248 2663 488 2746; x_wconf 83' lang='grc' dir='ltr'>Χολουμένοισι</span> <span class='ocrx_word' id='word_1_129' title='bbox 508 2664 609 2748; x_wconf 83' lang='grc' dir='ltr'>τόλμα</span> <span class='ocrx_word' id='word_1_130' title='bbox 630 2666 681 2727; x_wconf 84' lang='grc' dir='ltr'>καὶ</span> <span class='ocrx_word' id='word_1_131' title='bbox 699 2665 803 2813; x_wconf 83' lang='grc' dir='ltr'>βουλὴ</span> <span class='ocrx_word' id='word_1_132' title='bbox 827 2664 923 2726; x_wconf 89' lang='grc' dir='ltr'>δοκεῖ.</span> 
     </span>
     <span class='ocr_line' id='line_1_25' title="bbox 248 2744 974 2831; baseline -0.008 -18"><span class='ocrx_word' id='word_1_133' title='bbox 248 2749 392 2831; x_wconf 81' lang='grc' dir='ltr'>Παίρων</span> <span class='ocrx_word' id='word_1_134' title='bbox 417 2747 566 2831; x_wconf 77' lang='grc' dir='ltr'>δεόμενός</span> <span class='ocrx_word' id='word_1_135' title='bbox 586 2749 675 2826; x_wconf 87' lang='grc' dir='ltr'>ἐστιν,</span> <span class='ocrx_word' id='word_1_136' title='bbox 718 2772 733 2818; x_wconf 90' lang='grc' dir='ltr'>ς</span> <span class='ocrx_word' id='word_1_137' title='bbox 754 2749 881 2831; x_wconf 85' lang='grc' dir='ltr'>παύρων</span> <span class='ocrx_word' id='word_1_138' title='bbox 907 2744 974 2831; x_wconf 77' lang='grc' dir='ltr'>ἐρᾷ.</span> 
     </span>
     <span class='ocr_line' id='line_1_26' title="bbox 248 2829 1018 2916; baseline -0.008 -18"><span class='ocrx_word' id='word_1_139' title='bbox 248 2832 309 2914; x_wconf 90' lang='grc' dir='ltr'>Μὴ</span> <span class='ocrx_word' id='word_1_140' title='bbox 336 2831 412 2916; x_wconf 78' lang='grc' dir='ltr'>δρᾷν</span> <span class='ocrx_word' id='word_1_141' title='bbox 436 2856 474 2911; x_wconf 92' lang='grc' dir='ltr'>τι,</span> <span class='ocrx_word' id='word_1_142' title='bbox 498 2834 606 2915; x_wconf 85' lang='grc' dir='ltr'>μίσους</span> <span class='ocrx_word' id='word_1_143' title='bbox 626 2836 706 2897; x_wconf 83' lang='grc' dir='ltr'>ὥστε</span> <span class='ocrx_word' id='word_1_144' title='bbox 729 2835 859 2915; x_wconf 87' lang='grc' dir='ltr'>πάσχειν</span> <span class='ocrx_word' id='word_1_145' title='bbox 884 2829 911 2892; x_wconf 81' lang='lat' dir='ltr'>o’</span> <span class='ocrx_word' id='word_1_146' title='bbox 938 2831 1018 2900; x_wconf 77' lang='grc' dir='ltr'>ἄξια.</span> 
     </span>
     <span class='ocr_line' id='line_1_27' title="bbox 248 2913 994 3001; baseline -0.008 -19"><span class='ocrx_word' id='word_1_147' title='bbox 248 2917 436 2992; x_wconf 90' lang='grc' dir='ltr'>Πίστευσον,</span> <span class='ocrx_word' id='word_1_148' title='bbox 460 2922 502 2984; x_wconf 84' lang='grc' dir='ltr'>ὡς</span> <span class='ocrx_word' id='word_1_149' title='bbox 523 2919 563 3000; x_wconf 84' lang='grc' dir='ltr'>μὴ</span> <span class='ocrx_word' id='word_1_150' title='bbox 587 2919 721 3001; x_wconf 82' lang='grc' dir='ltr'>δυσμενῆ</span> <span class='ocrx_word' id='word_1_151' title='bbox 741 2915 882 2989; x_wconf 84' lang='grc' dir='ltr'>κτᾶσθαι,</span> <span class='ocrx_word' id='word_1_152' title='bbox 904 2913 994 2998; x_wconf 85' lang='grc' dir='ltr'>φίλῳ.</span> 
     </span>
     <span class='ocr_line' id='line_1_28' title="bbox 249 2999 1009 3084; baseline -0.008 -18"><span class='ocrx_word' id='word_1_153' title='bbox 249 3000 376 3066; x_wconf 81' lang='grc' dir='ltr'>Γένοιτ’</span> <span class='ocrx_word' id='word_1_154' title='bbox 404 2999 439 3063; x_wconf 79' lang='grc' dir='ltr'>δν</span> <span class='ocrx_word' id='word_1_155' title='bbox 461 3000 553 3064; x_wconf 78' lang='grc' dir='ltr'>οὐδὲν</span> <span class='ocrx_word' id='word_1_156' title='bbox 573 3001 645 3083; x_wconf 73' lang='grc' dir='ltr'>ἡδὺ,</span> <span class='ocrx_word' id='word_1_157' title='bbox 669 3003 747 3084; x_wconf 85' lang='grc' dir='ltr'>πλὴν</span> <span class='ocrx_word' id='word_1_158' title='bbox 769 3002 803 3064; x_wconf 87' lang='grc' dir='ltr'>ἐκ</span> <span class='ocrx_word' id='word_1_159' title='bbox 827 2999 1009 3084; x_wconf 79' lang='grc' dir='ltr'>μεταβολῆς.</span> 
     </span>
     <span class='ocr_line' id='line_1_29' title="bbox 249 3083 980 3166; baseline -0.008 -16"><span class='ocrx_word' id='word_1_160' title='bbox 249 3086 379 3150; x_wconf 83' lang='grc' dir='ltr'>Σαυτοῦ</span> <span class='ocrx_word' id='word_1_161' title='bbox 398 3084 551 3166; x_wconf 82' lang='grc' dir='ltr'>κατέγνως</span> <span class='ocrx_word' id='word_1_162' title='bbox 574 3085 678 3148; x_wconf 84' lang='grc' dir='ltr'>ἄδικον</span> <span class='ocrx_word' id='word_1_163' title='bbox 704 3085 861 3160; x_wconf 83' lang='grc' dir='ltr'>ἀπολύων,</span> <span class='ocrx_word' id='word_1_164' title='bbox 884 3083 980 3166; x_wconf 87' lang='grc' dir='ltr'>κριταί.</span> 
     </span>
     <span class='ocr_line' id='line_1_30' title="bbox 244 3163 868 3254; baseline -0.002 -22"><span class='ocrx_word' id='word_1_165' title='bbox 244 3171 400 3251; x_wconf 82' lang='grc' dir='ltr'>Ἀλγησις</span> <span class='ocrx_word' id='word_1_166' title='bbox 422 3163 543 3254; x_wconf 82' lang='grc' dir='ltr'>ἐχθρῶν</span> <span class='ocrx_word' id='word_1_167' title='bbox 567 3170 764 3254; x_wconf 75' lang='grc' dir='ltr'>ἠδικημένοις</span> <span class='ocrx_word' id='word_1_168' title='bbox 786 3168 868 3237; x_wconf 80' lang='grc' dir='ltr'>ἄκος.</span> 
     </span>
     <span class='ocr_line' id='line_1_31' title="bbox 252 3251 926 3360; baseline -0.007 -41"><span class='ocrx_word' id='word_1_169' title='bbox 252 3251 358 3319; x_wconf 82' lang='grc' dir='ltr'>Οὐδὲν</span> <span class='ocrx_word' id='word_1_170' title='bbox 384 3252 503 3336; x_wconf 82' lang='grc' dir='ltr'>μέτεστι</span> <span class='ocrx_word' id='word_1_171' title='bbox 522 3255 623 3316; x_wconf 91' lang='grc' dir='ltr'>κοινδν</span> <span class='ocrx_word' id='word_1_172' title='bbox 643 3254 720 3340; x_wconf 84' lang='grc' dir='ltr'>αίνῳ</span> <span class='ocrx_word' id='word_1_173' title='bbox 743 3255 794 3317; x_wconf 84' lang='grc' dir='ltr'>καὶ</span> <span class='ocrx_word' id='word_1_174' title='bbox 814 3258 926 3360; x_wconf 71' lang='grc' dir='ltr'>τρυρῇ.</span> 
     </span>
     <span class='ocr_line' id='line_1_32' title="bbox 245 3335 932 3422; baseline 0 -24"><span class='ocrx_word' id='word_1_175' title='bbox 245 3335 358 3421; x_wconf 84' lang='grc' dir='ltr'>Ἔββει</span> <span class='ocrx_word' id='word_1_176' title='bbox 375 3340 509 3405; x_wconf 90' lang='grc' dir='ltr'>παλαιὸς</span> <span class='ocrx_word' id='word_1_177' title='bbox 531 3338 625 3413; x_wconf 88' lang='grc' dir='ltr'>αἶνος,</span> <span class='ocrx_word' id='word_1_178' title='bbox 645 3340 684 3422; x_wconf 77' lang='grc' dir='ltr'>ἢν</span> <span class='ocrx_word' id='word_1_179' title='bbox 707 3341 748 3422; x_wconf 89' lang='grc' dir='ltr'>μὴ</span> <span class='ocrx_word' id='word_1_180' title='bbox 775 3337 844 3405; x_wconf 91' lang='grc' dir='ltr'>νέος</span> <span class='ocrx_word' id='word_1_181' title='bbox 862 3360 932 3422; x_wconf 90' lang='grc' dir='ltr'>ορη.</span> 
     </span>
     <span class='ocr_line' id='line_1_33' title="bbox 246 3419 1015 3505; baseline -0.007 -20"><span class='ocrx_word' id='word_1_182' title='bbox 246 3421 380 3489; x_wconf 83' lang='grc' dir='ltr'>Ἀδικος</span> <span class='ocrx_word' id='word_1_183' title='bbox 403 3420 497 3505; x_wconf 88' lang='grc' dir='ltr'>νόμον</span> <span class='ocrx_word' id='word_1_184' title='bbox 521 3421 669 3498; x_wconf 90' lang='grc' dir='ltr'>δέδοικεν,</span> <span class='ocrx_word' id='word_1_185' title='bbox 697 3425 758 3487; x_wconf 84' lang='grc' dir='ltr'>ὁδ’</span> <span class='ocrx_word' id='word_1_186' title='bbox 782 3422 887 3489; x_wconf 81' lang='grc' dir='ltr'>ἀθῶος</span> <span class='ocrx_word' id='word_1_187' title='bbox 910 3419 1015 3504; x_wconf 80' lang='grc' dir='ltr'>τύχην.</span> 
     </span>
     <span class='ocr_line' id='line_1_34' title="bbox 253 3503 982 3591; baseline -0.004 -22"><span class='ocrx_word' id='word_1_188' title='bbox 253 3503 305 3569; x_wconf 82' lang='grc' dir='ltr'>Τὰ</span> <span class='ocrx_word' id='word_1_189' title='bbox 327 3504 449 3567; x_wconf 80' lang='grc' dir='ltr'>δοθέντ’</span> <span class='ocrx_word' id='word_1_190' title='bbox 474 3507 600 3568; x_wconf 85' lang='grc' dir='ltr'>ἀπαιτεῖ</span> <span class='ocrx_word' id='word_1_191' title='bbox 616 3505 871 3591; x_wconf 80' lang='grc' dir='ltr'>μεταμελουμένη</span> <span class='ocrx_word' id='word_1_192' title='bbox 893 3503 982 3588; x_wconf 89' lang='grc' dir='ltr'>τίιχη.</span> 
     </span>
     <span class='ocr_line' id='line_1_35' title="bbox 250 3585 989 3671; baseline -0.004 -19"><span class='ocrx_word' id='word_1_193' title='bbox 250 3585 292 3652; x_wconf 88' lang='lat'>‘0</span> <span class='ocrx_word' id='word_1_194' title='bbox 315 3594 370 3652; x_wconf 82' lang='grc' dir='ltr'>τοῦ</span> <span class='ocrx_word' id='word_1_195' title='bbox 386 3589 531 3670; x_wconf 86' lang='grc' dir='ltr'>γενέσθαι</span> <span class='ocrx_word' id='word_1_196' title='bbox 551 3591 603 3653; x_wconf 83' lang='grc' dir='ltr'>καὶ</span> <span class='ocrx_word' id='word_1_197' title='bbox 625 3591 741 3668; x_wconf 91' lang='grc' dir='ltr'>θανεῖν,</span> <span class='ocrx_word' id='word_1_198' title='bbox 762 3591 864 3657; x_wconf 81' lang='grc' dir='ltr'>κοινὸς</span> <span class='ocrx_word' id='word_1_199' title='bbox 885 3587 989 3671; x_wconf 78' lang='grc' dir='ltr'>νόμος.</span> 
     </span>
     <span class='ocr_line' id='line_1_36' title="bbox 254 3671 1047 3759; baseline 0.006 -22"><span class='ocrx_word' id='word_1_200' title='bbox 254 3671 381 3740; x_wconf 82' lang='grc' dir='ltr'>Πάντας</span> <span class='ocrx_word' id='word_1_201' title='bbox 399 3675 530 3758; x_wconf 75' lang='grc' dir='ltr'>δαμάζει</span> <span class='ocrx_word' id='word_1_202' title='bbox 551 3676 602 3738; x_wconf 83' lang='grc' dir='ltr'>καὶ</span> <span class='ocrx_word' id='word_1_203' title='bbox 624 3677 658 3740; x_wconf 92' lang='grc' dir='ltr'>τδ</span> <span class='ocrx_word' id='word_1_204' title='bbox 682 3681 780 3759; x_wconf 83' lang='grc' dir='ltr'>νεῦμα</span> <span class='ocrx_word' id='word_1_205' title='bbox 799 3679 852 3758; x_wconf 80' lang='grc' dir='ltr'>τῆς</span> <span class='ocrx_word' id='word_1_206' title='bbox 875 3677 1000 3758; x_wconf 73' lang='grc' dir='ltr'>τροφῆς·</span> <span class='ocrx_word' id='word_1_207' title='bbox 1044 3743 1047 3750; x_wconf 76' lang='grc'>,</span> 
     </span>
    </p>
   </div>
   <div class='ocr_carea' id='block_1_2' title="bbox 256 3754 1065 4001">
    <p class='ocr_par' dir='ltr' id='par_1_2' title="bbox 256 3754 1065 4001">
     <span class='ocr_line' id='line_1_37' title="bbox 256 3754 1065 3844; baseline 0 -25"><span class='ocrx_word' id='word_1_208' title='bbox 256 3754 368 3842; x_wconf 81' lang='grc' dir='ltr'>Τρυφὴ</span> <span class='ocrx_word' id='word_1_209' title='bbox 389 3760 547 3844; x_wconf 73' lang='grc' dir='ltr'>χαρακτὴρ</span> <span class='ocrx_word' id='word_1_210' title='bbox 570 3761 614 3822; x_wconf 82' lang='grc' dir='ltr'>ὧν</span> <span class='ocrx_word' id='word_1_211' title='bbox 635 3760 666 3843; x_wconf 88' lang='grc' dir='ltr'>γ’</span> <span class='ocrx_word' id='word_1_212' title='bbox 684 3763 700 3825; x_wconf 97' lang='lat'>6</span> <span class='ocrx_word' id='word_1_213' title='bbox 720 3765 792 3828; x_wconf 80' lang='grc' dir='ltr'>νοῦς</span> <span class='ocrx_word' id='word_1_214' title='bbox 811 3762 929 3841; x_wconf 79' lang='grc' dir='ltr'>κοῦφος</span> <span class='ocrx_word' id='word_1_215' title='bbox 949 3759 1065 3842; x_wconf 84' lang='grc' dir='ltr'>φρονεῖ.</span> 
     </span>
     <span class='ocr_line' id='line_1_38' title="bbox 288 3841 994 4001; baseline -0.003 -96"><span class='ocrx_word' id='word_1_216' title='bbox 288 3848 366 3906; x_wconf 82' lang='grc' dir='ltr'>ακοῦ</span> <span class='ocrx_word' id='word_1_217' title='bbox 387 3845 546 3929; x_wconf 80' lang='grc' dir='ltr'>χαρακτὴρ</span> <span class='ocrx_word' id='word_1_218' title='bbox 568 3846 695 3926; x_wconf 84' lang='grc' dir='ltr'>γλῶσσα</span> <span class='ocrx_word' id='word_1_219' title='bbox 715 3849 770 3908; x_wconf 83' lang='grc' dir='ltr'>νοῦ</span> <span class='ocrx_word' id='word_1_220' title='bbox 793 3841 994 4001; x_wconf 63' lang='grc' dir='ltr'>κακόστρμης.</span> 
     </span>
    </p>
   </div>
   <div class='ocr_carea' id='block_1_3' title="bbox 0 0 1506 4725">
    <p class='ocr_par' dir='ltr' id='par_1_3' title="bbox 0 0 1506 4725">
     <span class='ocr_line' id='line_1_39' title="bbox 0 0 1506 4725; baseline 0 0"><span class='ocrx_word' id='word_1_221' title='bbox 0 0 1506 4725; x_wconf 95' lang='lat' dir='ltr'> </span> 
     </span>
    </p>
   </div>
  </div>
 </body>
</html>
