3000 4725
744 618 895 715 -dild—

294 784 347 839 840
364 786 512 845 Messoris
534 792 634 843 autem
658 788 762 845 secula
783 788 940 848 necabitur

363 872 551 931 Exentereto
573 870 671 947 turpis
694 890 767 930 orca
787 873 914 944 viscere,

363 956 514 1015 Mustelae
534 955 671 1015 alumnos
693 958 744 1031 qui
767 957 990 1016 caballimilites

365 1039 588 1100 Cervicimatris
612 1040 790 1101 saxifrontis
813 1042 942 1114 extudit,

365 1125 578 1200 Hominesque
597 1124 709 1185 durans
734 1134 838 1187 suetus
861 1146 880 1185 a
899 1128 1029 1227 vestigio

295 1206 347 1262 845
363 1211 510 1270 Formare
533 1216 648 1269 statuas
670 1210 829 1271 involucro
844 1212 1015 1286 marmoris,

365 1294 469 1373 sagax
490 1295 637 1353 tricaccae
657 1294 768 1353 lucifur
788 1298 954 1356 custodiae.
1061 1342 1064 1345 .

364 1379 488 1439 Videbit
508 1388 595 1439 aestu
614 1398 691 1454 quae
711 1381 879 1458 rigantur
869 1401 985 1459 iugera,

364 1467 499 1542 Asbysta
519 1464 654 1537 flumina,
674 1472 764 1539 alque
785 1468 874 1525 humo
895 1467 1085 1525 stertentium

365 1548 467 1609 Gubas
490 1550 619 1619 olentes,
643 1550 876 1625 conquiniscens
898 1552 1016 1611 bestiis.

296 1632 348 1685 850
366 1635 453 1710 Quae
474 1642 580 1693 cuncta
601 1633 696 1693 obibit
717 1645 843 1712 propter
861 1636 1005 1714 Argiuam
1023 1636 1138 1714 lupam,

365 1720 515 1778 Triviram
538 1718 670 1795 puellam
690 1720 985 1797 feminipuerperam.

363 1806 570 1881 Iapygumque
591 1804 685 1862 adibit
706 1824 775 1865 erro
798 1806 974 1878 exercitum,

363 1890 518 1965 Ponetque
540 1889 699 1947 donum
670 1890 780 1967 virgini
801 1891 967 1963 Feretriae,

363 1974 471 2033 Ancile
495 1982 610 2034 scutum
633 1982 663 2032 et
681 1974 817 2033 hirneam
839 1976 1024 2053 Temesiam,

295 2060 347 2114 855
366 2058 502 2135 Sponsae
520 2059 659 2117 nocentis
682 2078 873 2137 cernuosque
896 2020 1034 2120 mulleos.

367 2143 508 2219 Sirinque
531 2143 628 2201 adibit
650 2152 680 2202 et
698 2145 826 2203 Lacinia
847 2146 951 2218 ardua,

364 2230 401 2287 ln
425 2229 511 2303 queis
535 2229 662 2288 iuvenca
683 2230 832 2289 consitum
856 2230 1008 2289 Feroniae

365 2313 451 2372 Deae
472 2314 615 2372 Monetae
640 2316 833 2392 praeparabit
853 2316 1017 2374 hortulum:

365 2399 406 2458 Et
426 2399 547 2457 feminis
569 2399 621 2456 lex
644 2418 765 2476 semper
784 2401 937 2478 indigenis
957 2403 1013 2460 erit

296 2479 348 2535 860
366 2481 507 2542 Cubitum
529 2487 683 2542 novenum
704 2486 778 2544 flere
799 2487 918 2544 tertium
941 2487 1035 2545 Aeaci

365 2568 405 2627 Et
425 2568 566 2641 Doridis,
589 2569 704 2627 fulmen
727 2570 820 2628 duelli
841 2571 953 2644 Martii,

365 2653 432 2712 Nec
448 2671 559 2729 corpus
581 2673 655 2712 auro
673 2655 828 2731 perpolire
845 2657 989 2728 vinulam,

365 2738 433 2797 Neo
452 2739 531 2796 ferre
553 2740 697 2796 membris
719 2741 850 2798 delicata
872 2742 968 2818 pallia

367 2823 496 2884 Sandioe
516 2823 621 2898 pictas,
642 2824 710 2882 ideo
731 2827 809 2900 quod
829 2826 917 2886 divae
934 2825 993 2884 dea

297 2907 350 2963 855
367 2908 481 2966 Terrae
504 2926 644 2966 cacumen
664 2919 840 2968 muneratur
853 2912 974 2969 arduae.

365 2993 542 3070 Pugrlrsque
551 2994 670 3052 taurim
680 2992 836 3070 Sospitam
845 2996 1041 3055 certaminum
1061 2918 1329 3070 [inbospitontlw

366 3081 498 3137 Arenam
519 3077 624 3150 adibit,
644 3097 734 3153 quem
754 3088 836 3138 creat
854 3081 997 3141 Libentia
1328 3102 1329 3149 3

367 3164 519 3237 Mancino,
540 3182 672 3240 regnans
697 3183 767 3222 arce
789 3166 927 3243 Longuri
949 3165 1040 3234 edita,

367 3247 539 3307 Saturniam
561 3248 738 3322 falcemque,
762 3248 980 3326 Ooncbeaeque
1002 3266 1098 3326 aquas
1328 3324 1329 3327 Ἴ

297 3338 350 3392 870
366 3332 514 3405 Ventans,
535 3331 763 3408 Gonnsnmqne,
791 3344 882 3412 atque
906 3334 1048 3396 Sicanum
1069 3352 1217 3408 aequora,

367 3417 407 3474 Et
430 3417 544 3492 templa
564 3417 646 3475 crudi
664 3418 746 3494 pelle
768 3420 870 3479 vestiti
887 3421 963 3497 lupi,

368 3500 455 3575 Quae
474 3502 624 3575 quondam
647 3503 785 3562 alumnus
809 3504 931 3564 Orethei
956 3502 1117 3581 appellens
1142 3512 1238 3562 ratem

367 3583 444 3644 Cum
466 3595 554 3663 gente
576 3589 793 3664 qninquaginta
814 3599 980 3662 nautarum·
995 3587 1107 3646 edidit:

367 3671 562 3746 Minyquue
587 3673 662 3731 salsi
681 3673 749 3748 ripa
770 3677 905 3734 servabit
923 3673 1014 3732 maris

299 3757 350 3812 875
368 3753 560 3833 strigmenta,
583 3775 660 3830 quse
682 3776 738 3814 nec
761 3759 856 3818 diluet
875 3759 1006 3832 Venilia,

367 3839 435 3898 Nee
457 3839 614 3900 abluentes
636 3842 779 3901 imbrices
800 3846 929 3923 ningues
948 3844 1008 3902 diu.
