3000 4725
728 607 880 702 Α

347 771 558 857 Χυδαιότερος
579 773 774 858 ὀχλαγωγίας
792 776 952 856 πυλαϊκῆς.

347 855 454 940 Χωρλς
473 855 510 918 τὰ
533 853 649 920 Μυσῶν
668 859 719 920 καὶ
740 857 874 942 Φρυγῶν
897 856 1058 940 ὁρίσματα.

347 938 453 1026 Χωρὶς
475 939 509 1003 τό
530 940 557 1003 τ’
582 941 677 1004 εἰπεῖν
698 942 812 1023 πολλὰ,
835 942 944 1006 καὶτὰ
965 940 1079 1022 καίρια.

348 1024 459 1111 Ψυχῆς
480 1025 632 1109 νοσούσης
652 1026 726 1089 εἰσὶν
750 1028 849 1111 ἰατροὶ
865 1025 968 1109 λόγοι.

347 1108 463 1173 Ψωλδν
481 1109 626 1192 γενέσθαι
649 1111 699 1173 δεῖ
718 1111 753 1174 σὲ
773 1111 865 1196 μέχρι
886 1109 1042 1194 μυρρίνου.

340 1191 382 1256 Ὦ
407 1192 501 1257 πλέον
520 1193 611 1263 ίλαος
632 1195 764 1279 αἱμύλης
786 1197 956 1262 ἀλώπεκος.

345 1274 458 1340 Ὠδῖνα
473 1279 564 1342 τίκτει
586 1278 639 1349 νδξ
659 1281 830 1366 κυβερνήτῃ
854 1285 954 1365 σοφῷ.

341 1358 449 1425 Ὤδιν’
474 1361 493 1426 ό
513 1385 556 1441 ος,
576 1361 707 1448 κη’ίπειτα
733 1369 790 1448 μῦν
811 1364 986 1428 ἀπέκτεκεν.

346 1443 439 1531 Ὠνήν
459 1386 553 1516 τιθεὶς
574 1448 626 1511 καὶ
646 1452 770 1533 πρᾶσιν,
791 1452 834 1518 ὡς
855 1448 961 1517 Φοῖνιξ
983 1443 1070 1530 ἀνήρ.

342 1527 496 1614 Ὦρουσεν
520 1531 611 1601 ίππος
635 1532 669 1600 ἐκ
692 1534 912 1618 βραδυσκελῶν
935 1531 1025 1596 ὄνων.

344 1611 400 1682 Ὡς
422 1615 525 1700 ἀγαθὰ
545 1617 720 1704 συλλήβδην
744 1617 865 1682 ἅπαντά
885 1641 933 1681 σοι
953 1613 1051 1701 φέρω.

345 1697 401 1766 Ὡς
424 1700 541 1783 ἀγαθόν
566 1701 627 1764 ἐστ’
654 1701 831 1785 ἐπωνυμίας
851 1702 970 1770 πολλὰς
1018 1698 1109 1784 έρειν.

345 1781 401 1852 Ὡς
423 1781 486 1847 ἔστι
508 1807 560 1868 μοι
582 1787 615 1849 τδ
636 1789 744 1871 χρήμα
765 1792 855 1850 τοῦτο
874 1788 946 1870 περὶ
965 1785 1059 1847 ποδα.

342 1866 400 1935 Ὣς
422 1868 561 1938 εὐκόλως
582 1871 740 1934 πίπτουσιν
766 1872 799 1933 αἱ
823 1871 962 1955 λαμπραὶ
980 1867 1081 1953 τύχαι.

344 1950 401 2020 Ὡς
422 1954 481 2036 ήδῦ
504 1954 557 2017 τὰν
579 1955 739 2018 θάλασσαν
763 1955 824 2020 ἀπὸ
847 1959 901 2025 τᾶς
919 1958 974 2037 γᾶς
994 1955 1079 2036 όρᾷν.

344 2034 400 2104 Ὡς
420 2038 479 2120 ἡδὺ
503 2042 567 2107 τοῖς
588 2042 714 2123 σοφοῖσι
737 2041 913 2122 μεμνῆσθαι
933 2037 1048 2100 πόνων.

342 2118 399 2188 Ὣς
419 2121 478 2205 ἡδύ
502 2146 549 2186 τοι
571 2123 713 2186 σωθέντα
738 2125 913 2232 μεμνῆσθαι
934 2121 1048 2186 πόνων.

344 2202 400 2272 Ὡς
424 2207 500 2289 μήτε
522 2211 652 2290 κροῦσαι
674 2207 738 2292 μήθ
771 2209 846 2292 ὑπὲρ
866 2211 974 2293 χεῖλος
996 2206 1113 2290 βαλεῖν.

345 2286 401 2356 Ὡς
423 2288 483 2377 ούχ
502 2291 660 2376 ὑπάρχων,
686 2291 768 2354 ἀλλὰ
788 2293 1028 2377 τιμωρούμενος.

339 2369 459 2459 Ὥσπερ
482 2376 520 2440 τά
544 2380 622 2439 σῦκα
645 2380 739 2439 τοῖσιν
766 2378 943 2463 ὀφθαλμοῖς
967 2375 1037 2461 ἔφυ.

346 2458 522 2543 Ἀβυδηνὸν
542 2460 732 2545 ἐπιφόρημα.
755 2460 889 2526 Ναύσων
912 2461 1096 2543 Ναυκράτει.

344 2542 593 2629 Ἀγαμεμνόνεια
615 2545 743 2630 φρέατα.
768 2543 853 2615 Βοῦς
875 2548 925 2611 ἐπὶ
949 2546 1049 2627 ζυγὸν.

345 2625 610 2714 Ἀγαμεμνόνειον
636 2632 736 2695 δαῖτα.
756 2628 859 2700 Βόλος
876 2628 1038 2717 Ἀχαϊκόν.

344 2710 465 2797 Ἀγορὰ
486 2713 624 2784 Λύκειος.
646 2714 787 2784 Καλλίας
802 2717 995 2801 πτερορρυεῖ.

345 2794 482 2882 Ἀγορᾶς
503 2797 637 2883 ἄγαλμα.
660 2798 742 2863 Θατὲ
764 2825 789 2885 φ
810 2800 1032 2887 παραβλέπειν.

342 2880 474 2964 Ἀγουσι
495 2885 547 2947 καὶ
570 2883 710 2991 φέρουσι.
732 2823 902 2949 θοιιύτειον
923 2883 986 2955 οῦς.

345 2964 457 3036 Ἀδεὲς
478 2967 548 3037 δέος
575 2968 727 3037 οέδοικας.
746 2968 911 3053 Ἀργείους
933 2972 1017 3053 δρᾷς.

345 3048 504 3115 Ἀδύνατα
527 3054 635 3137 θηρᾷς.
658 3050 713 3123 Είς
734 3054 812 3138 ἀνὴρ
834 3055 938 3123 οὐδεὶς
960 3054 1049 3137 ἀνήρ.

345 3131 416 3198 Ἀεὶ
437 3135 475 3199 τὰ
499 3135 662 3201 Θετταλῶν
685 3136 806 3201 ἄπιστα.
827 3136 1018 3202 Μυσπολεῖν.

345 3215 418 3282 Ἀεί
438 3236 482 3291 τις
505 3220 536 3284 ἐν
558 3219 717 3291 Κύδωνος.
741 3218 793 3285 Ἐν
817 3223 953 3287 σκύτεσιν
976 3224 1091 3289 δνοῦς.

346 3304 570 3387 Αίγοπτιοίζεις.
591 3306 713 3375 Δοῦλος
735 3308 779 3370 ὢν
801 3305 901 3392 κόμην
922 3306 1054 3391 τρέφεις.

346 3386 514 3470 Αἰγύπτιος
535 3390 754 3476 πλινθοφόρος.
772 3391 960 3477 ’Ἀνθρωπος
983 3390 1099 3473 Θαλῆς.

347 3472 454 3541 Αἰδὼς
475 3472 505 3535 ἐν
528 3474 728 3559 ὀφθαλμοῖσι.
751 3472 872 3540 Βάττου
894 3478 1026 3561 σίλφιον.

346 3553 482 3641 Αίνιγμα
504 3554 683 3623 Βοιώτειον.
706 3560 917 3646 Αύτηκυρία.
1121 3560 1127 3568 ”

346 3639 406 3710 Αἲξ
430 3642 483 3725 τήν
507 3644 551 3725 μά
574 3665 672 3729 αιραν.
697 3642 802 3719 Πάντα
824 3648 865 3730 μὴ
888 3641 1003 3731 βούλου
1024 3645 1157 3727 κρατεῖν.

346 3724 515 3809 Αἱροῦντες
537 3665 713 3812 γίρήμεσθα.
738 3728 880 3793 Φωκέων
901 3730 971 3815 ἀρά.

346 3810 485 3899 Αίσχρδν
508 3816 636 3896 σιωπήν.
657 3810 709 3875 Ἐν
731 3814 930 3898 παρενθήκης
951 3812 1045 3897 λόγιρ.
