3000 4725
715 582 867 677 Q

334 751 432 829 (00)
622 747 743 811 Διοοῶν
768 745 957 831 θηλυτέρων.

332 836 426 899 Forte
446 835 521 894 duas
547 835 627 893 inter
646 834 744 908 solus,
767 836 943 909 mediusque
969 834 1129 895 sedebam:

376 921 466 979 Illam
489 919 644 993 ardebam,
667 921 745 979 hanc
766 940 828 980 non
849 919 973 979 laedere
994 926 1095 981 certus
1119 940 1204 981 eram.

333 1008 443 1080 Meque
464 1004 603 1063 trahebat
623 1024 745 1064 amans:
769 1026 825 1083 ego
850 1004 1036 1063 ferebundus
1058 1014 1090 1064 at
1111 1006 1164 1065 isti

376 1089 449 1149 Non
471 1089 544 1149 totis
564 1090 659 1149 labris
680 1089 788 1149 oscula
808 1108 903 1167 parca
923 1088 1047 1149 dabam:

335 1174 471 1237 Alterius
492 1174 604 1235 fallens
628 1176 767 1234 ardorem
791 1175 918 1247 scilicet,
942 1175 1007 1233 eius

375 1259 507 1319 Discidii
528 1278 655 1319 caussas
679 1261 799 1319 aemula
819 1260 913 1319 verba
934 1259 1055 1317 timens.

333 1345 483 1422 ingemui,
506 1344 631 1422 dixique
652 1345 752 1417 simul,
776 1345 931 1405 Fortassis
955 1344 1051 1403 amari

377 1429 517 1505 Undique
538 1429 720 1507 supplicium
744 1449 811 1507 par,
834 1438 864 1488 et
882 1448 995 1503 amare,
1015 1428 1089 1487 mibi
1107 1436 1162 1489 est.

336 1598 435 1675 (01)
622 1590 664 1659 ‘H
685 1576 785 1678 πάροξ
807 1594 962 1678 ἀγλαΐῃσι.

333 1684 395 1742 Illa
416 1684 499 1758 prius
518 1683 600 1743 fastu
620 1690 756 1760 turgens,
778 1682 891 1741 iactare
911 1680 1040 1759 capillos

379 1765 473 1828 Sueta
493 1769 589 1843 prius,
614 1768 702 1843 pexis
722 1766 777 1825 illa
800 1768 932 1845 superba
953 1766 1060 1839 comis,

334 1850 429 1913 Sueta
449 1854 526 1911 meis
548 1853 709 1911 desideriis
732 1852 871 1925 illudere,
894 1853 1023 1911 formam

375 1937 528 1997 Perdidit:
552 1937 622 1995 hnic
644 1938 757 2014 digitos
780 1957 856 2015 ruga
878 1936 984 1996 senilis
1007 1944 1083 1995 arat.

334 2022 437 2081 Ubera
456 2023 628 2095 subsidunt,
653 2022 760 2081 cecidit
779 2024 878 2095 frons,
905 2021 1020 2081 lumina
1039 2028 1183 2092 marcent,

375 2111 504 2167 Annoso
526 2109 657 2166 titubant
679 2109 770 2167 balba
790 2107 903 2167 labella
926 2126 1015 2167 sono.

334 2190 488 2252 Oaniciam
507 2192 620 2251 vindex
640 2212 717 2251 voco
741 2212 853 2251 numen
875 2192 1008 2252 Amoris.
1032 2200 1062 2249 et
1083 2210 1207 2267 aequum

375 2276 503 2349 Iudicat,
525 2284 554 2334 et
577 2277 700 2337 tumidis
726 2286 849 2337 strenua
872 2296 976 2354 poena
995 2297 1052 2335 ven
1061 2277 1094 2335 it.

335 2442 431 2519 (62)
617 2441 701 2525 Αὐτή
729 2466 782 2526 μοι
804 2440 971 2526 Κυθέρεια.

332 2528 373 2587 Et
393 2526 545 2604 Cytherea
564 2538 686 2606 potens,
713 2539 744 2589 et
765 2535 912 2591 Amorum
934 2531 1061 2590 candida
1084 2532 1170 2590 turba

376 2614 413 2671 Iu
434 2615 534 2672 tabem
558 2615 680 2674 solvent
702 2616 763 2674 iam
786 2636 839 2677 cor
861 2617 952 2675 inane
971 2617 1054 2674 mihi.

333 2697 403 2757 Non
423 2700 532 2775 patiar,
556 2718 667 2776 pueros
688 2720 820 2778 propero
843 2702 869 2760 si
892 2701 1002 2762 stultus
1024 2719 1139 2760 amare:

374 2784 459 2842 Labe
483 2785 584 2858 etiam,
606 2804 667 2860 qua
687 2807 749 2845 non
773 2787 891 2864 turpior
916 2785 990 2859 ulla,
1013 2786 1130 2844 cadam.

332 2867 403 2930 Una
424 2869 465 2929 sit
488 2871 520 2928 in
543 2871 662 2947 culpam
684 2872 793 2930 mulier
815 2873 906 2930 satis:
930 2871 986 2929 hac
1006 2890 1063 2948 ego
1086 2887 1216 2947 peccem,

374 2954 535 3014 Pittalace.
556 2959 598 3015 at
618 2975 745 3032 pueros,
771 2956 873 3029 stulte,
893 2956 1033 3032 relinquo
1058 2955 1122 3013 tibi.

335 3124 432 3201 (03)
576 3119 621 3184 'H
641 3122 680 3205 ῥά
699 3144 734 3203 γε
755 3123 806 3184 καὶ
830 3121 865 3184 ob
892 3120 1030 3184 Φίλιννα.

330 3210 382 3269 An
403 3210 554 3268 desiderio
575 3229 645 3267 mea
667 3211 802 3288 tangeris
823 3228 895 3287 ergo
917 3208 1084 3268 Philinus?

375 3293 519 3371 Langues
543 3295 699 3354 exhaustis
719 3295 823 3354 tabida
843 3293 1032 3352 luminibus?

331 3381 382 3440 An
404 3376 542 3454 placidos
562 3380 660 3455 carpis
682 3400 818 3454 somnos,
840 3387 870 3438 et
890 3379 991 3438 nullus
1011 3377 1134 3440 Amoris

374 3463 567 3540 Respectus:
590 3483 679 3522 curae
702 3484 772 3525 cura
797 3484 854 3524 nec
871 3464 933 3524 ulla
955 3481 1041 3522 meae
1063 3463 1132 3522 est?

333 3549 505 3622 Expectant
520 3557 550 3606 te
570 3568 663 3608 saeva
684 3550 778 3622 vices,
805 3550 987 3625 flentemque
1010 3547 1121 3607 videbo
1147 3604 1150 3614 ,

376 3633 477 3691 Imbro
501 3653 556 3709 per
578 3634 718 3711 indignas
738 3654 834 3710 usque
854 3635 981 3694 cadente
1002 3651 1107 3710 genas.

332 3717 370 3780 In
392 3717 495 3778 multis
516 3719 622 3778 Venus
646 3727 694 3777 est
714 3720 832 3779 varium
855 3727 886 3778 et
905 3718 1060 3778 mutabile.
1084 3717 1151 3776 solo
1170 3717 1224 3776 boc

375 3804 515 3862 Eximio:
538 3804 627 3865 elatis
650 3821 773 3882 semper
796 3803 900 3880 iniqua
920 3804 986 3864 luit.
