3000 4725
759 581 818 640 tut

334 751 394 826 Qui
417 749 654 827 versiloquitur,
683 751 730 812 ius
750 753 790 810 ad
812 737 901 810 omne
923 752 951 810 is
973 746 1083 812 surdus
1105 757 1164 822 est,

333 837 373 894 Et
393 835 612 907 blandientum,
635 856 694 894 non
715 857 787 896 suas
811 855 900 895 aures
921 837 1021 893 habet.

297 1025 300 1044 ν
334 1004 385 1063 59.
429 1001 526 1077 Quam
548 1012 635 1081 turpe
654 1005 721 1063 fieri
742 1004 858 1080 spolier
877 1005 977 1064 aulam
1000 1004 1121 1076 civium,

334 1087 368 1150 Si
391 1097 535 1164 quantum
557 1090 587 1147 in
609 1107 683 1148 usus
706 1089 847 1166 publicos
870 1098 918 1148 est
940 1089 1103 1161 eonditum,

332 1175 370 1232 In
390 1173 556 1232 aulicorum
578 1175 729 1233 vulturum
751 1176 912 1252 voragines

332 1259 517 1333 Famemque
534 1259 722 1336 inexpletam
745 1278 833 1318 omne
854 1261 956 1320 fusum
980 1259 1151 1317 exhaurias.

332 1345 435 1421 Larga
458 1352 505 1402 est
526 1345 558 1402 in
578 1351 683 1403 omne's
705 1344 876 1412 liberalitas
899 1345 969 1406 Dei.

334 1427 425 1488 (loelo
445 1428 581 1505 pluente,
603 1431 739 1506 iugerum
763 1430 874 1488 vicinia

333 1514 464 1592 Rigatur
483 1515 593 1586 omnis,
614 1514 695 1571 haud
719 1533 808 1592 seges
828 1523 944 1572 tantum
968 1532 1045 1571 mea.

333 1603 438 1659 Avara
457 1599 488 1657 in
511 1619 627 1671 omnes,
651 1601 742 1674 inque
764 1619 877 1677 paucos
899 1599 1068 1670 commoda,

334 1683 465 1744 Sinistra
484 1684 580 1761 Regis
604 1696 651 1750 est
672 1686 855 1762 benignitas,
878 1703 953 1761 opes

334 1767 367 1828 si
387 1769 465 1846 pluit
484 1769 517 1826 in
541 1770 692 1842 homines,
710 1781 775 1827 ‘non
798 1771 830 1827 in
852 1771 1017 1827 humanum
1037 1787 1143 1846 genus.

334 1937 384 1997 60.
429 1936 596 2014 Sophiatiei
620 1946 704 1997 astus
726 1939 843 1995 irritum
867 1937 1036 1996 retunditur

333 2022 498 2081 Acumen
489 2042 521 2079 in
544 2041 578 2080 ae
600 2023 788 2100 replieatum.
812 2041 905 2098 quum
926 2024 1026 2082 aerius
1129 2020 1131 2024 ’

333 2107 460 2165 Videtur
483 2127 622 2184 agere,s
625 2109 739 2186 tringit,
764 2118 798 2166 at
819 2129 881 2166 non
900 2095 1046 2186 perforat.
1148 2120 1150 2129 '

334 2277 385 2334 61.
429 2277 598 2336 Maledictis
621 2278 721 2354 siqui
747 2287 852 2350 certat,
875 2278 978 2336 audiat
1001 2277 1089 2334 mele.

333 2359 431 2436 Quam
449 2364 516 2437 quis
541 2383 603 2421 uon
625 2372 771 2440 praestat,
792 2384 831 2423 ne
854 2365 955 2442 exigat
973 2363 1164 2422 modestiam.

347 2609 656 2685 uiuentium
683 2604 1230 2687 HAP01M19NEMMETP9N.

377 2781 516 2855 Iosephus
547 2778 682 2856 Scaliqer
715 2782 774 2838 Iul.
810 2780 890 2838 Caes.
926 2782 964 2837 F.
998 2781 1072 2835 hano
1102 2774 1241 2833 aureolam

334 2864 501 2923 stromateo
510 2878 643 2923 versuum
653 2864 831 2923 Graecorum
836 2865 1065 2941 proverbialem
1075 2861 1241 2935 amplissime

335 2960 361 3007 et
375 2952 557 3025 inteyem'mo
571 2954 633 3008 viro
650 2949 773 3009 Claudio
787 2951 918 3008 Puteaao
933 2947 1071 3007 Senatum
1090 2943 1242 3002 Peraeae
1305 2981 1306 2992 .

334 3038 408 3093 dono
427 3036 503 3091 misit
525 3054 601 3093 anno
626 3034 731 3093 Christi
754 3036 936 3111 Dionysiam
951 3032 1028 3094 010.
1031 3032 1082 3093 10.
1085 3025 1245 3088 LXXXIV

334 3138 428 3177 measa
450 3120 537 3176 Iulio.
1305 3161 1306 3166 ,

335 3196 543 3283 Ποοτεανῷδ
547 3205 648 3282 ὦρον
646 3198 843 3266 Σκαλανὸς
830 3204 953 3281 εταῖρος
976 3197 1100 3281 ἑταίρῳ,

377 3282 513 3350 Φιλος’
497 3284 573 3367 ανὴρ
598 3284 709 3365 ἀρετῆς
731 3282 818 3389 ἀνέρι
837 3283 1006 3386 ριλαρέτῳ,

338 3364 437 3429 Τοῦτο
456 3374 567 3471 σοφῶν
589 3366 682 3430 οἴνων
704 3367 899 3471 ἀκρόδροπνον
922 3366 1026 3473 dulles,
1051 3363 1166 3427 ἐπεὶ
1138 3388 1193 3425 ou·

378 3450 464 3513 Πασέ
451 3474 508 3513 ων
534 3452 605 3521 ἐξ
589 3457 706 3557 αρετῶν
731 3451 824 3534 ἄκρον
847 3452 948 3515 ἄωτον
972 3450 1065 3535 ἔχεις

336 3532 459 3618 Τὰςρὲ
421 3536 686 3641 ρνοτριχούοας
707 3540 788 3619 πεζῇ
812 3537 863 3599 li.-
854 3559 911 3610 ον,
934 3536 1079 3618 ἑρρεω
999 3534 1079 3598 λέον
1082 3559 1096 3596 ν
1122 3533 1159 3594 δὲ

379 3618 490 3683 Μοῦνα
513 3620 600 3703 φέρω
575 3621 767 3775 ωζλογάδων
789 3620 885 3727 μέτρα
904 3619 1108 3725 παροιμιέων.
1161 3647 1163 3656 ·

328 3702 567 3853 ’Έμῐρρτραρ
509 3728 567 3789 γαρ
594 3707 713 3781 ζώοντι,
734 3703 825 3769 aul*
790 3713 959 3813 γερρετρον
981 3702 1100 3789 illoc*
1082 3726 1184 3788 εχοντι

410 3794 548 3874 ουτεανῷ
572 3788 687 3873 μάλ’ἐ
688 3795 766 3874 χρῆν
787 3788 925 3873 ἔμμετρα
944 3792 1043 3852 πάντα
1064 3793 1180 3871 πορεῖν.
