3000 4725
598 618 749 715 25³.-

231 786 264 844 Ilt
283 788 401 846 tertium
422 788 522 865 ligone
547 786 721 847 Thebarum
743 788 823 851 falas

231 873 346 932 Aheneo
370 870 561 931 demolientis
583 872 689 945 filium,

230 954 316 1029 Quem
338 956 499 1019 Strebulus
527 956 599 1017 olim
624 956 742 1017 Consus
766 956 838 1035 agili
861 956 981 1017 discidit

229 1040 378 1102 Pilumnus
398 1061 451 1101 ora
471 1041 627 1118 dissipans
651 1042 810 1115 suduculo,

230 1125 348 1201 Quando
365 1134 487 1186 creatae
507 1126 608 1185 Nocte
630 1144 795 1205 germanos
816 1127 914 1203 patris

228 1210 270 1269 Ad
289 1230 379 1271 uuum
400 1230 536 1271 amorem
556 1218 677 1269 mutuae
700 1220 857 1271 armarunt
874 1211 969 1269 necis.

228 1293 289 1353 Duo
310 1305 341 1356 at
364 1297 510 1357 scatentis
529 1296 568 1355 ad
589 1297 703 1355 fluenta
722 1297 848 1373 Pyrami

228 1378 354 1441 Der-aeui
377 1390 504 1442 ovantes
527 1383 644 1459 vertagi
665 1381 717 1439 icti
739 1392 843 1441 mutua

228 1462 462 1543 Depraeliabunt
484 1466 576 1525 caede
596 1467 740 1524 barritum
762 1469 900 1526 ultimum

229 1547 345 1611 Subtele
365 1553 398 1611 in
419 1552 489 1630 ipso
511 1551 638 1628 virginis
659 1550 870 1629 Pamphyliae.

228 1634 368 1713 Altusque
389 1656 474 1696 rumo
497 1636 599 1695 sulcus
622 1637 653 1693 in
676 1638 843 1695 meditullio

230 1716 320 1780 Stabit
339 1724 501 1801 Megareus
521 1720 671 1797 cespitum
691 1721 863 1794 nitentium,

228 1802 265 1863 Ut
286 1826 324 1865 ne
342 1808 374 1867 in
397 1806 559 1885 profundis
580 1806 710 1863 inferum
732 1806 879 1865 sedilibus

230 1887 343 1951 Imbuta
364 1900 490 1951 cernant
512 1893 602 1951 busta
623 1890 768 1951 caedibus
792 1910 858 1951 sua.

229 1976 264 2032 At
283 1978 415 2055 quinque
441 1976 549 2035 dehinc
571 1974 739 2035 Ceraetiam
766 1976 798 2033 iu
819 1974 1000 2053 Vesperiam

229 2056 264 2116 Ill
279 2062 422 2122 bitieutes
442 2059 622 2123 Satrachum
640 2067 671 2126 et
691 2058 809 2120 Silvani
830 2061 964 2133 humum,

229 2142 312 2204 quta
331 2132 659 2207 manebunt‘Murtiam
683 2144 880 2205 Zeriutbiam.

229 2225 308 2291 Unus
329 2232 468 2310 parantis
488 2231 615 2290 exulans
638 2231 782 2290 conviciis

231 2310 352 2390 Cychrei
372 2316 510 2378 cavernis
532 2316 702 2394 Bocarique
723 2318 857 2390 flumine,

230 2397 309 2462 Meus
333 2403 490 2476 sobrinus,
509 2410 543 2460 ut
560 2410 715 2478 peremtor
732 2403 824 2479 patrii

230 2480 314 2561 Pulli,
335 2489 463 2548 nothum
483 2505 666 2564 propagmen
690 2495 720 2544 et
737 2488 824 2547 labes
845 2487 965 2557 domus,

230 2565 350 2632 Rabiem
373 2572 524 2632 vomentis
548 2571 725 2630 bellicosam
750 2572 893 2642 ovilibus,

230 2649 302 2714 Ravi
323 2658 425 2718 leonis
449 2675 539 2733 quem
560 2656 630 2731 pilis
650 2655 779 2716 horrens
801 2655 879 2714 cutis

229 2734 320 2802 Runis
342 2743 466 2822 tegebat
485 2743 589 2800 aeneis
609 2741 799 2816 impervium,

231 2820 401 2888 Obnoxiam
423 2846 513 2886 unam
536 2826 741 2904 possidentem
764 2823 902 2885 semitam

229 2907 272 2966 Ad
292 2911 367 2986 fata,
388 2931 476 2989 quam
500 2911 611 2989 vagina
634 2909 754 2968 celabat
775 2908 920 2985 Scythae,

230 2988 299 3053 Cum
322 2999 416 3057 durus
438 2996 566 3056 adolens
593 3013 681 3055 sacra
706 2993 839 3072 Gomyro
862 2991 910 3050 leo

231 3072 287 3137 Suo
309 3081 430 3160 paranti
449 3083 530 3142 fatue
553 3089 599 3140 cst
622 3080 720 3139 claras
741 3098 859 3156 preces,

229 3157 398 3228 Immussuli
421 3166 502 3226 ulnis
524 3167 700 3226 subrumum
719 3173 845 3242 gestans
872 3162 946 3222 suis.

230 3240 291 3306 Nec
309 3252 379 3330 ipse
400 3252 504 3310 credat
524 3251 583 3309 hoc
602 3269 727 3327 parens,
749 3250 832 3326 quod
853 3243 1014 3306 Lemnium

229 3327 351 3397 Fulmen
372 3337 475 3410 duelli,
498 3335 619 3394 nescius
642 3335 738 3410 turpia
762 3334 854 3412 fugae
928 3362 930 3365 ·

231 3410 297 3477 Trio
321 3421 464 3481 efferatus
485 3421 636 3497 hospitum
656 3418 861 3480 infensissimi

231 3495 359 3566 Traieoit
379 3506 419 3564 ile
440 3525 575 3579 munere,
599 3504 725 3563 urinans
748 3503 848 3562 ferum

232 3579 344 3649 Saltum
367 3591 496 3668 tepentis
519 3589 602 3650 ensis
625 3588 664 3646 ad
684 3596 834 3665 promtam
855 3602 975 3646 necem:

230 3665 418 3753 Fratremque
438 3675 594 3734 Trambeli
616 3673 668 3731 ille
690 3673 789 3748 patria
812 3670 920 3750 exigit,
1020 3705 1026 3714 ·

232 3749 365 3836 Cognata
384 3761 479 3838 patris
501 3779 590 3838 quem
613 3757 694 3835 parit
715 3758 790 3815 nixu
812 3775 869 3817 suo

232 3832 350 3906 Donata
370 3846 484 3923 praeda
505 3844 627 3904 dirutori
648 3843 815 3917 moenium,
