3000 4725
748 630 901 725 -ιοο-

360 787 506 857 Ἅπαντα
530 799 594 862 τοῖς
616 796 754 858 καλοῖσιν
774 794 903 879 ἀνδράσι
926 794 1047 879 πρέπει.

358 872 511 940 (Ἀπασαν
530 879 743 964 ἠμφιεσμένος
764 879 819 962 τὴν
840 879 958 944 οὐσίαν.

362 961 486 1025 'Amet'
510 961 613 1047 ἀληθῆ
637 963 740 1026 πολλὰ
763 965 924 1048 συμβαίνει
945 964 1074 1048 βροτοῖς.

363 1046 548 1110 Ἀπόλωλεν
573 1046 607 1116 ύς
628 1071 691 1132 μοι,
711 1048 772 1111 καῖ’
785 1050 944 1125 τάλαντον,
964 1049 1017 1111 καὶ
1034 1048 1142 1133 γάμος.

364 1129 607 1200 Ἀπυνδάκωτος
630 1133 666 1196 ού
690 1136 894 1216 τραπεζοιῖται
916 1132 1011 1202 κύλιξ.

373 1217 551 1285 Απώλεσας
570 1216 621 1279 τδν
644 1216 725 1280 οἶνον
747 1215 874 1302 ἐπιχέας
895 1217 990 1300 ύδωρ.

365 1298 543 1384 Ἀραχνίων
568 1302 681 1384 μεστὴν
704 1299 787 1387 ἔχεις
807 1302 860 1384 τὴν
882 1300 1026 1384 γαστέρα.
1110 1353 1113 1358 .

363 1385 478 1468 Ἀρετὴ
504 1387 634 1471 βραδεῖα
658 1386 808 1468 σύντομος
828 1388 971 1470 πονηρία.

359 1467 497 1552 ’Άρκτοο
520 1469 680 1553 παρούσης
701 1468 785 1556 ἴχνια
807 1473 905 1553 ζητεῖν
927 1471 1037 1536 δοκεῖς.

361 1553 496 1636 ’Ἄρτους
520 1554 551 1623 ἐς
575 1554 660 1617 ίπνον
684 1556 803 1639 ψυχρδν
827 1554 991 1640 ἐμβάλλειν
1016 1554 1128 1620 δοκεῖς.

364 1637 576 1723 Ἀρχαιύτερα
598 1643 651 1721 τῆς
673 1638 824 1722 διφθέρας
844 1640 918 1707 Διὸς
939 1638 1046 1721 λέγεις.
1068 1653 1072 1665 ’

360 1723 489 1808 Ἄρχων
514 1722 609 1787 άκοοε
632 1724 684 1786 καὶ
706 1723 832 1792 δικαίως
851 1723 994 1806 κᾴδίκως.

360 1808 513 1890 Ἄτηκτος
533 1807 698 1891 ἅνθρωπος
715 1808 983 1891 προσηγορημασι.

361 1891 558 1975 Ἀτυχοιῖσαν
583 1893 693 1975 ἀρετὴν
716 1897 874 1976 περιορᾷν,
894 1894 1129 1977 σχετλιώτατον.

365 1976 561 2059 Αύθαίρετος
583 1977 664 2060 λύπη
687 1975 759 2039 ’στὶν
783 1978 803 2058 ἡ
827 1975 940 2040 τέκνων
965 1977 1075 2059 σπορά.

364 2061 452 2143 Αύτη
476 2083 513 2142 γε
533 2066 675 2144 χρηστῶν
701 2061 780 2123 ἐστὶν
804 2061 963 2145 ἀνδρώνὴ
987 2059 1088 2128 νόσος.

364 2145 452 2227 Αύτη
477 2145 532 2228 μὲν
556 2147 576 2227 ἡ
603 2145 750 2229 μήρινθος
774 2145 864 2208 οὐδὲν
889 2143 1016 2208 ἔσπασε.

364 2228 464 2294 Αὐτοὶ
483 2230 626 2313 χελώνας
648 2227 776 2291 έσθεσθ’
802 2229 889 2314 οίπερ
913 2229 1022 2294 είλετε.

363 2312 467 2379 Αὐτδν
490 2312 659 2397 κέκροοκας
677 2316 727 2379 τὸν
756 2316 875 2401 βατῆρα
890 2318 944 2397 τῆς
963 2314 1069 2398 θύρας.

364 2398 469 2466 Αύτδς
489 2397 546 2481 γὰρ
572 2397 659 2482 εὗρες
683 2404 737 2461 τοῦ
759 2405 856 2461 κακοῦ
875 2402 929 2483 τὴν
951 2399 1068 2462 πιτοάν.

363 2483 467 2550 Αὑτδς
488 2484 625 2566 κάμινος,
648 2483 740 2551 αὑτὸς
758 2484 884 2546 είλκοσε
903 2506 958 2568 τρο
983 2483 1026 2551 ές.

363 2567 469 2635 Αύτδς
491 2567 643 2636 πενωθελς
665 2574 728 2635 τοῖς
751 2566 860 2653 έχουσι
883 2570 925 2653 μὴ
950 2508 1070 2653 ύλλύνει.

363 2649 469 2719 Αὐτός
485 2676 513 2713 τι
532 2657 584 2715 νῦν
606 2654 686 2736 δρῶν
707 2652 774 2715 εἶτα
797 2654 870 2723 τοὺς
892 2652 987 2721 θεούς
1007 2655 1107 2720 κάλει.

362 2736 565 2821 Ἀφροδίσιος
585 2737 642 2821 γὰρ
668 2737 760 2821 ὅρκος
781 2737 838 2801 ούκ
857 2738 1045 2821 έμποίνιμος.

364 2819 480 2893 Βάδιζε
501 2820 574 2907 βῆμ’
598 2824 708 2905 ἡραῖον
733 2822 995 2906 ἐμπεπλεγμένον.

363 2903 466 2970 Βάλλ’
491 2907 534 2973 εἰς
553 2903 666 2991 ἔχοντα
684 2908 738 2990 τὴν
763 2908 932 2991 ἐπιστήμην
958 2907 1061 2991 βολῆς.
1086 2973 1089 2980 ⁴

362 2980 502 3075 Βέβληκ’
528 2988 695 3074 Ἀχιλλεὺς
715 2991 771 3054 δύο
794 2992 880 3078 κύβω
904 2992 956 3054 καὶ
976 2991 1115 3075 τέτταρα.

362 3072 439 3143 Βίος
461 3076 528 3160 βίου
552 3074 701 3158 δεόμενος
724 3076 782 3139 ούκ
802 3074 867 3140 ἔστι
889 3076 963 3161 βίος.

362 3156 490 3243 Βλάβης
513 3159 660 3243 μαγείρου
684 3163 780 3238 τῖσον,
804 3160 950 3244 αὐλητὴς,
971 3160 1067 3242 δίκην.

364 3242 447 3326 Γελᾷ
470 3244 500 3305 δ’
523 3245 539 3307 ὁ
561 3245 675 3327 μωρὸς,
697 3242 753 3327 κηίν
776 3268 805 3306 τι
826 3246 868 3328 μὴ
889 3247 1011 3326 γελοῖον
1033 3240 1066 3327 ᾖ.

363 3325 471 3394 Γέλως
497 3327 623 3413 ἄκαιρος
646 3330 743 3391 δεινὸν
767 3329 798 3391 ἐν
824 3330 945 3414 βροτοῖς
964 3327 1068 3391 κακόν.

362 3408 557 3494 Γεράνδρυον
580 3414 712 3476 παλαιδν
736 3413 773 3475 οὐ
797 3413 993 3498 μοσχεύεται.

362 3493 498 3577 Γέροντα
522 3495 552 3558 δ’
579 3497 692 3579 ὀρθοῦν
717 3500 869 3582 φλαῦρον,
890 3497 924 3566 δς
944 3496 1014 3563 νέος
1035 3495 1127 3581 πέση.

362 3577 499 3663 Γέροντα
520 3581 616 3663 μηδὲν
639 3582 680 3665 μή
705 3588 780 3645 ποτε
801 3583 935 3667 χρηστὸν
957 3581 1050 3645 ποίει.

361 3661 499 3747 Γέροντα
521 3665 571 3726 τὸν
595 3671 677 3742 νοῦν,
702 3668 801 3749 σάρκα
822 3666 848 3729 δ’
874 3667 1001 3752 ἡβῶσαν
1026 3665 1125 3750 φέρει.

361 3745 468 3831 Γέρων
493 3748 621 3832 ἀλώπηξ
643 3750 703 3835 οὐχ
725 3751 884 3813 ἁλίσκεται
903 3751 998 3834 πάγη.

362 3829 468 3916 Γέρων
493 3834 548 3916 μὲν
570 3833 601 3896 ἐν
622 3832 723 3911 ποῖά,
746 3835 779 3897 ἐν
802 3836 836 3899 δὲ
858 3839 923 3903 τοῖς
941 3834 1068 3919 γέρουσι
1086 3839 1168 3903 παῖς.
