3000 4725
626 659 776 755 -ffl-

250 823 434 909 Δημοβόροι.
459 824 532 892 Διὸς
555 822 738 908 ἐγκέφαλος.
770 768 871 889 Πλέον
894 823 989 906 ήμνου
1010 821 1155 895 παντός·

249 907 401 976 Διοπετές.
424 905 466 971 Τδ
489 907 546 991 γὰρ
570 905 604 970 εδ
627 909 694 990 μέτ’
716 909 804 992 ἐμοῦ.
832 906 1116 992 Περιαυτολογήσαι

248 996 299 1062 Δὶς
318 993 370 1057 καὶ
390 995 451 1075 τρὶς
472 995 505 1056 τὸ
530 994 635 1056 καλὸν.
651 989 784 1078 (Ρεχθὲν
809 991 844 1055 δέ
865 1015 897 1056 τε
921 993 1029 1074 νήπιος
1049 991 1138 1075 ἔγνω.
1159 996 1161 999 ’

248 1079 297 1146 Δὶς
318 1078 440 1224 κράμήρη
468 1077 611 1145 θάνατος.
634 1075 738 1142 Κόκκυ
763 1078 866 1161 ψωλοὶ
885 1077 1039 1140 πεδίονδε.

246 1164 379 1230 Διπλοῦν
433 1161 530 1224 άππα.
554 1158 578 1224 Τ
582 1163 598 1225 δ
618 1157 790 1229 Βοιώτειον
812 1158 852 1243 μό
896 1183 930 1230 ος
952 1161 1061 1225 ἀείδει.

247 1245 439 1330 Δουλότερος
460 1251 516 1328 τῆς
530 1243 704 1330 Μεσσήνης.
728 1184 901 1310 Εόνασαᾏ

246 1330 383 1414 Δοόρεος
400 1330 499 1398 ἵππος.
519 1330 605 1394 Ἂνω
629 1337 787 1413 ποταμῶν.
810 1327 870 1393 Τδν
891 1327 1009 1392 ἔνεικον
1030 1327 1156 1413 ἔπηλυς.

245 1417 402 1498 Δωδώνης
439 1417 571 1478 αλκεῖον.
594 1413 670 1478 Ἀπ’
692 1414 804 1482 οόατος
825 1412 954 1496 ἄγγελος
973 1411 1071 1476 ἔλθοι.

245 1502 375 1566 Δώσων.
426 1499 616 1579 λουθυγίεια.
639 1496 681 1563 Τδ
702 1497 901 1583 κωλακρέτου
920 1499 1003 1579 γάλα
1021 1498 1129 1560 πίνειν.

243 1583 281 1650 Εί
301 1583 494 1666 Φρυνώνδας
517 1582 825 1665 ἀλλος.’Ὓπηνέμιον
849 1581 950 1645 τέτοκ’
975 1580 1051 1644 ὠόν.

243 1667 331 1734 Εἴδεν
355 1673 416 1751 πῦρ
438 1667 533 1752 ἀφύη.
579 1667 764 1732 Σπεόδουσα
786 1668 868 1730 κόων
892 1664 994 1750 τοφλά
1014 1667 1115 1729 τίκτει.

243 1752 398 1836 Είδεχθὴς
419 1750 590 1835 Κορυθεδς.
612 1750 755 1832 Πόλεμος
774 1752 809 1813 δὲ
831 1747 954 1814 Κόνωνι
980 1751 1118 1834 μελήσει.
1192 1823 1198 1828 Ρ

243 1835 318 1920 Εἰκή
341 1835 560 1920 τῷἫρακλεῖ.
577 1836 720 1919 ἒΑεργοῖς
743 1836 807 1901 αἰὲν
830 1836 934 1918 ἑορτή.

243 1919 354 2004 Είματ’
379 1921 466 2004 ἀνήρ.
501 1917 566 1984 Οὐκ
585 1921 617 1984 ἐν
640 1919 771 2004 πολέμῳ
796 1920 841 1986 δὶς
863 1917 975 1982 ἔνεστιν
997 1919 1155 2002 ἁμαρτεῖν.
1206 1918 1208 1921 ’

243 2004 310 2087 Εἰμὶ
332 2003 424 2073 πόλις
445 2003 571 2089 Πιτάνη.
594 2007 733 2088 Δελφῒνα
756 2004 883 2066 δίδασκε
901 2003 1070 2158 κολυμήίᾷν.

243 2088 292 2157 Εἰς
314 2088 387 2152 δέον
413 2090 570 2171 ἀνήλωσα.
595 2089 697 2170 Θόραν
723 2088 773 2150 ἐπὶ
797 2088 908 2152 σαυτδν
932 2089 1002 2150 ἀνοί
1017 2111 1091 2156 εις.,

243 2172 291 2242 Εἰς
310 2173 419 2236 πεδίον
443 2176 494 2237 τδν
515 2174 626 2238 Λυδὸν.
646 2171 886 2257 Ἀχρειόγελως.
916 2170 1154 2255 Γλυκόπτκροςμ

242 2256 291 2326 Εἰς
308 2261 365 2341 τήν
386 2256 513 2341 γαστέρ’
537 2258 733 2322 ἑνάλλεσθαι.
761 2256 867 2339 Στόμα
890 2257 1154 2341 δωδεκάκρουνον.

243 2339 291 2412 Εἰς
315 2343 435 2426 φάτνας
455 2343 596 2428 ἀρχαίας.
611 2341 759 2428 Ἄρτεμις
778 2366 797 2424 η
822 2339 994 2424 Παναγαία.

241 2426 290 2491 ’Ex
310 2428 456 2510 καλάμης
474 2432 597 2509 γνῶναι.
618 2426 846 2512 Καὶ-βαίτυλον
870 2424 906 2489 ἀν
927 2425 1114 2502 καταπίνοις.

239 2510 289 2575 Ἐκ
311 2511 406 2595 μυίας
428 2510 593 2596 ἐλέφαντα.
615 2510 710 2597 Μάχη
735 2510 812 2593 μετὰ
833 2510 886 2592 τήν
910 2508 1117 2594 Μαραθῶνος.

241 2594 423 2681 Ἐμβάλλειν
447 2597 567 2680 ψαλίον.
589 2592 636 2679 Τή
656 2596 747 2679 πείρᾳ
766 2596 865 2657 πάντα
888 2597 1029 2657 τελεῖται.

240 2679 396 2767 Ἐμβαρος
419 2681 491 2763 εἰμί.
514 2677 591 2743 Βίου
615 2679 770 2761 σπιθαμήν
791 2681 869 2762 πρδς
890 2679 1005 2760 ἄνηθον
1030 2678 1155 2741 ἀείδων.

241 2763 434 2850 Ἐμπροσθεν
454 2768 594 2847 κρήμνοι,
617 2764 723 2827 ὄπιθεν
749 2762 847 2826 λό’κοι.
871 2759 989 2846 Ὄλμος
1010 2762 1154 2844 ἄτολμος.

241 2847 287 2912 Ἐν
309 2851 460 2934 μακάρων
482 2850 586 2932 νήσοις
610 2850 734 2931 διάγων.
758 2846 918 2929 Αῦίάνομ’
943 2847 1076 2909 ἀκούων.

241 2931 287 2997 Ἐν
309 2933 411 3016 μέλιτι
438 2935 549 2997 σαυτδν
572 2934 783 2999 καταπάττεις.
807 2930 908 3015 Γραῦς
930 2930 1062 3013 ἀναθυᾷ.

241 3015 287 3081 Ἐν
311 3016 477 3101 πορθμείῳ
501 3015 582 3102 ἔχων
606 3018 709 3101 ἕτερον
729 3015 823 3077 πόδα.
852 3012 1111 3099 Τυμβογέροντες.

241 3099 287 3165 Ἐν
313 3102 430 3185 σταδίῳ
452 3103 577 3186 δολιχόν
596 3106 704 3184 ζητεῖς.
728 3098 886 3183 Αίλουρον
905 3099 1039 3182 Ἀθηνᾷ.

242 3183 288 3248 Ἐν
306 3184 424 3271 τριόδῳ
447 3185 569 3267 ἕστηκα.
591 3184 705 3251 Βαλόνν
731 3182 791 3246 οίει
812 3182 990 3268 φεύξεσθαι.

243 3266 432 3352 Ἐνδόσιμον.
453 3268 577 3351 Θνητῶν
600 3271 628 3332 δ’
654 3268 718 3332 ἔστ’
744 3268 848 3353 ὄλβιος
870 3268 913 3335 εἰς
933 3266 1021 3335 τέλος
1041 3266 1152 3335 οὐδείς.

243 3350 378 3436 Ἐργίνου
403 3354 518 3417 πολιαὶ.
543 3351 1003 3437 ΦειδωλότεροςΠατροκλήος·
1169 3347 1174 3367 ’

243 3434 373 3505 Ἐοθλδς
391 3440 442 3500 καὶ
460 3438 554 3506 κακός
577 3439 666 3501 ἐστιν.
690 3435 762 3501 Ἐπὶ
786 3437 877 3521 ξυροῦ
902 3436 1021 3498 ίσταται
1042 3436 1151 3516 ἀκμῆς.

246 3517 323 3605 Εὗρε
345 3521 420 3589 θεὸς
440 3524 491 3585 τδν
509 3523 641 3606 ἀλιτρδν.
659 3522 775 3606 Ἄκρον
793 3520 882 3604 λαβὲ,
893 3521 943 3583 καὶ
956 3517 1049 3602 μέσον
1064 3519 1150 3588 ἕξεις.

247 3600 338 3689 Εῦρεν
362 3608 378 3669 ό
401 3604 451 3669 Πα
472 3606 573 3689 νοίτης
593 3605 716 3691 ὀβολόν.
740 3601 856 3668 Κάκιον
877 3602 983 3688 Βάβυς
1005 3602 1104 3666 αὐλεῖ.

247 3684 429 3775 Εόρυβάται.
452 3630 629 3774 Εέρκωπες.
649 3689 720 3755 Ἀεὶ
741 3688 881 3770 πολέμου
900 3688 975 3751 κενὰ
994 3689 1104 3750 πολλά.

249 3766 414 3856 Εὐρυκλῆς.
437 3774 585 3837 Πεινῦντι
606 3778 693 3857 λαγῷ
715 3774 773 3837 καί
788 3778 867 3835 σῦκα
885 3775 1083 3840 πλακοῦντες.

250 3850 413 3941 Ε’όρυμνος.
437 3857 608 3944 Μοχθηρδς
628 3859 703 3942 ὑπὲρ
726 3860 777 3922 τδν
802 3856 973 3941 όπέρβολον
997 3854 1069 3918 ἐστί.

905 3954 950 4015 91

857 1267 873 1319 ι,
903 1268 917 1305 ν
941 1244 1041 1330 ὅλμῳ.
