3000 4725
701 655 851 752 --ἐξ

320 822 452 882 Pertusa
474 824 545 882 fuco
568 841 644 898 quos
667 825 792 883 adulant
810 826 945 898 nomina,

321 909 405 983 Quos
427 908 498 966 lena
518 909 602 966 inani
622 910 706 967 fama
729 911 834 969 titillat
856 931 939 971 sono.

321 991 482 1053 Confectus
504 994 610 1065 hostis,
638 1015 697 1052 non
719 996 888 1072 triumphus
910 1009 973 1054 nos¹
987 996 1079 1054 iuvat.

321 1078 452 1153 Quidam
476 1076 621 1138 Sabinum
643 1081 813 1156 perculisse
835 1081 924 1139 ludus
948 1088 1008 1139 est:

319 1162 415 1221 Nulla
435 1171 482 1222 est
504 1162 649 1223 Sabinum
672 1166 839 1241 praeterire
861 1166 965 1243 gloria.

548 1333 595 1393 1⁴.
635 1334 683 1392 De
702 1336 769 1393 stilo
790 1345 818 1393 et
838 1336 1011 1393 charactere.

320 1416 544 1477 Sententiarum
568 1437 658 1494 quum
679 1420 820 1495 supellex
841 1420 924 1477 lauta
944 1420 994 1492 sit,

253 1566 257 1575 ,
321 1501 475 1562 Sermonis
497 1504 605 1580 ingens
626 1504 666 1561 sit
686 1504 772 1581 politi
793 1506 880 1580 copia
963 1510 965 1516 '

319 1587 422 1647 Penes
443 1588 584 1661 Latinos,
608 1607 685 1664 quos
708 1597 844 1649 vetustas
868 1608 962 1647 aurea

320 1670 412 1731 Cetos
434 1674 594 1750 magistros
617 1675 807 1751 eloquentiae
829 1674 949 1746 extulit,

321 1759 453 1833 Quorum
478 1778 494 1816 e
517 1760 663 1818 scatebris
686 1759 884 1817 hauriendum
905 1760 945 1819 sit
964 1758 1021 1816 tibi

319 1844 489 1902 Verborum
510 1862 647 1916 acumen,
670 1844 842 1903 disserendi
863 1844 1048 1902 amoenitas:

321 1929 402 2003 Quid
425 1936 482 2001 est,
506 1928 650 2005 loquendi
670 1930 749 2006 quod
770 1949 882 1988 novum
905 1929 1026 1987 modum
1046 1946 1083 1987 ac
1102 1946 1200 2005 genus
1296 1924 1299 1929 ⁴

319 2014 432 2071 Incude
454 2014 543 2073 toties
564 2014 695 2073 fabricas
720 2022 773 2071 tua
792 2014 870 2073 tibi?

319 2098 434 2156 Rerum
457 2100 602 2176 magister
618 2106 648 2155 et
670 2107 817 2174 tyrannus
837 2098 971 2156 omnium

321 2181 479 2243 Sermonis
501 2202 575 2243 usus
598 2184 708 2241 artifex
730 2182 885 2241 vernaculi
910 2190 968 2254 est,

321 2268 381 2342 Qui
402 2275 445 2325 tot
467 2268 619 2344 loquelae,
641 2276 715 2342 quot
733 2287 817 2341 suas,
837 2274 919 2325 rotat
937 2268 1030 2326 vices.

318 2356 360 2414 At
382 2353 523 2414 dictionis
548 2353 727 2432 splendidae
747 2354 888 2431 peritiam

319 2439 419 2498 Latiis
441 2438 584 2498 librorum
606 2439 758 2498 conditam
780 2440 811 2498 in
834 2438 977 2498 sacrariis

319 2523 393 2582 Non
418 2524 516 2582 sancit
536 2543 621 2598 usus,
644 2524 697 2583 sed
721 2533 842 2583 vetusta
867 2523 1028 2582 auctoritas

319 2609 425 2667 Virum
447 2609 575 2667 Latinae
597 2610 768 2687 principum
790 2609 991 2683 eloquentiae.

320 2693 381 2753 Sed
404 2694 539 2752 insolens
563 2696 642 2753 hunc
653 2693 769 2752 rancidi
780 2695 856 2754 situs
875 2712 976 2770 sapor,
1018 2693 1191 2769 [Palmeiua
1208 2690 1232 2766 t]

320 2779 394 2838 Utut
406 2779 556 2855 loquatur,
567 2781 750 2838 invidentem
767 2779 906 2855 intelligi,
929 2779 1042 2855 [Seuec.
1049 2797 1114 2854 epp.
1124 2778 1137 2834 1
1146 2775 1193 2847 14,
1201 2775 1234 2850 l]

321 2864 541 2941 Morositasque
563 2865 664 2942 pascit
684 2865 787 2924 insani
810 2865 882 2936 stili,

319 2949 469 3008 Promens
494 2951 532 3007 ab
554 2951 616 3008 ima
637 2951 730 3008 verba
752 2967 841 3008 casca
865 2949 990 3027 origine,

320 3034 380 3091 Vix
402 3035 450 3092 vel
470 3033 613 3112 Cethegis
636 3054 730 3112 gnara
752 3035 893 3092 cinctutis
914 3035 1009 3111 prius.

319 3118 469 3178 Diversus
490 3120 567 3178 alius
587 3121 669 3185 bivio
689 3121 726 3177 ab
750 3120 806 3176 hoc
824 3121 949 3178 flectens
970 3119 1038 3188 iter5

320 3204 471 3261 inusitata
491 3205 561 3262 dum
584 3206 680 3276 timet,
704 3204 810 3263 sordes
834 3212 925 3262 amat.
1081 3199 1165 3274 [ibid.
1182 3199 1234 3273 13]

319 3291 361 3346 At
383 3287 436 3345 ille
459 3296 541 3348 totus
566 3290 668 3366 pellis,
691 3297 720 3346 et
740 3297 824 3347 totus
846 3306 972 3357 maeror,

319 3376 423 3432 Arena
443 3375 556 3432 calcem
578 3395 640 3434 non
667 3375 794 3445 habens,
816 3393 914 3449 nugae
937 3387 1049 3440 merae,
1100 3366 1232 3444 [Sueten.

320 3457 472 3516 Inanitate
496 3460 615 3534 plenus,
641 3467 671 3516 et
694 3466 778 3517 satur
798 3458 879 3514 fame
1076 3452 1168 3531 Culte.
1178 3453 1233 3528 53]

321 3543 428 3600 ieiuna
450 3544 544 3602 verba
565 3545 655 3603 tinnit
675 3543 750 3602 exili
775 3560 857 3600 sono.

320 3627 458 3687 Pruritus
476 3629 569 3686 alium
589 3629 686 3706 tangit
706 3626 821 3685 urticae
843 3642 952 3697 novae,
981 3619 984 3626 ’

320 3713 581 3776 Licenteraudax
604 3721 634 3771 et
650 3711 758 3790 procul
780 3711 909 3769 tralatio.

321 3798 453 3874 Teporis
474 3799 527 3856 ille
549 3807 578 3857 et
599 3797 788 3855 lentitudinis
809 3804 892 3854 metu

320 3883 483 3942 Profundit
504 3902 573 3942 acer
595 3883 737 3941 entheato
760 3882 869 3960 spiritu
