3000 4725
616 632 767 727 29—-

238 799 313 873 Quis
334 800 444 861 turbo?
466 819 543 875 quoe
566 802 735 861 aestuantis
758 818 833 859 nura
855 801 995 859 fortunae

238 885 285 944 Te
306 893 398 943 mutat
420 886 522 957 alium,
541 886 648 965 quisve
670 904 761 945 casus
784 885 913 963 affligit?

237 968 321 1042 Quae
342 972 450 1044 tristis,
470 990 578 1047 expes,
602 989 693 1031 cassa
714 971 804 1042 lucis,
827 979 935 1044 snum,

237 1053 421 1131 Squallentis
447 1056 586 1115 obsoleta
606 1056 749 1114 sordibus
771 1055 869 1115 luctus

235 1142 364 1213 Moeres,
383 1148 418 1201 ut
436 1142 521 1212 orba,
540 1159 617 1215 quae
639 1141 692 1198 flet
712 1140 832 1197 unicum
852 1141 968 1199 mater?

235 1226 355 1303 Regina
374 1234 418 1283 tot
439 1244 551 1297 rerum,
573 1233 604 1282 et
624 1233 671 1284 tot
689 1226 808 1283 urbium
822 1227 975 1302 princeps,

235 1310 296 1369 Ubi
316 1319 436 1369 tuorum
458 1317 506 1369 est
527 1309 581 1367 lux
602 1318 721 1368 vetusta
742 1318 940 1385 sceptrorum,

235 1396 277 1453 Et
295 1415 386 1453 aureo
410 1394 575 1471 splendore
596 1395 672 1453 fulta
695 1395 864 1454 maiestas?

237 1479 373 1555 Totoque
397 1480 494 1538 maior
516 1482 601 1552 orbe,
625 1500 681 1558 par
703 1480 777 1557 polo
799 1480 920 1539 fastus?

236 1565 343 1639 Illique
365 1566 468 1642 magni
489 1564 602 1642 gloriae
623 1573 692 1623 tune
712 1565 836 1623 fasces?

235 1650 296 1708 Ubi
318 1648 450 1722 Quirites
471 1650 529 1707 heu
548 1650 603 1709 tui.
627 1649 671 1708 tui
693 1650 788 1720 cives,

235 1734 364 1793 Deleotc
384 1736 495 1812 pubes,
517 1735 663 1793 flosculus
685 1732 870 1794 iuventutis?
924 1756 928 1763 ·

235 1819 295 1879 Ubi
317 1819 392 1877 Divi
414 1820 531 1877 alumni
549 1819 720 1896 Principes,
741 1819 826 1877 Iovis
847 1836 963 1888 semen,

236 1904 385 1964 Procerus
410 1903 502 1976 beati,
524 1904 657 1962 debitum
679 1922 776 1981 genus
796 1903 895 1975 caelo,

236 1989 363 2047 Fulmen
388 1988 492 2060 duelli,
513 1996 611 2047 terror
633 1990 746 2047 Adrise
768 1988 882 2065 magni,

239 2074 339 2151 Opum
357 2074 541 2133 hosticarum
563 2075 700 2133 martiale
719 2081 914 2144 tormentum,

238 2159 348 2217 Tutela
368 2159 498 2235 patriae,
523 2178 594 2233 spes
620 2158 787 2217 lubentium
810 2177 946 2230 rerum,

238 2243 327 2303 Pacis
352 2244 513 2319 sequestri,
533 2244 707 2319 civibusque
723 2244 836 2316 devoti,

239 2327 394 2407 Scaligera
416 2328 550 2402 soboles,
573 2330 624 2404 qui
644 2328 813 2389 Feretrium
837 2327 929 2388 tantis

239 2415 298 2474 Tot
318 2414 394 2472 olim
417 2414 540 2491 opimis,
562 2423 662 2489 teque,
682 2415 764 2473 Diva
785 2413 974 2472 mactarunt?

240 2498 332 2572 Queis
350 2507 395 2556 tot
413 2500 591 2575 triumphos,
608 2508 650 2558 tot
669 2501 829 2577 trophaeo,
849 2506 894 2557 tot
912 2498 1033 2566 laurus3

239 2583 330 2657 Queis
355 2585 469 2660 sceptri
488 2585 630 2656 honores,
653 2593 742 2659 atque
762 2603 870 2642 nomen
893 2585 1050 2660 Augustae

239 2672 371 2744 Accepta
392 2669 496 2741 debes,
521 2688 658 2745 quaeque
683 2670 765 2729 mole
788 2668 912 2728 sublimi

238 2755 355 2812 Educta
374 2754 534 2813 Mausolea
554 2762 718 2830 provocent
737 2753 878 2812 coelum?

237 2839 320 2897 Proh
345 2847 459 2896 sortem
481 2840 635 2897 acerbamt
660 2840 735 2914 proh
762 2837 923 2896 volubilem
945 2837 1067 2893 cusum!

240 2923 395 2996 Quantae
417 2943 558 3000 supremo
578 2924 707 2982 culmine
730 2931 761 2981 et
778 2930 859 2982 statu
881 2940 981 2978 rerum

240 3007 361 3081 Quanta
382 3009 537 3067 excidistil
560 3029 622 3068 non
644 3009 699 3067 tibi
721 3009 817 3066 obfuit
840 3013 966 3077 tantum,

239 3093 319 3169 (Nec
337 3112 430 3169 posse
451 3094 587 3170 credam)
610 3101 704 3152 naute
721 3093 838 3170 lapidis
858 3092 954 3166 ripae,
981 3087 1152 3164 [Iapydirl]

240 3177 391 3251 Quantum
413 3197 484 3251 una,
511 3179 604 3238 sudos
629 3196 706 3253 quae
732 3179 787 3239 tibi
809 3178 887 3249 dies,
909 3192 1047 3253 quoeque
1069 3166 1075 3179 ’

239 3263 375 3322 Fortuna
395 3271 643 3340 praeterpropter
661 3264 778 3322 invidet
795 3263 903 3320 lucem.

278 3351 339 3406 Ast
361 3368 379 3406 o
402 3357 531 3408 venuste
551 3356 658 3419 meter,
682 3366 832 3425 operens
855 3347 949 3406 salve.

241 3432 266 3491 Ο
291 3451 360 3490 mea
382 3434 528 3504 creatrix3
550 3452 666 3507 vosque
689 3435 747 3491 rite
769 3433 918 3491 maiorum

242 3515 363 3576 Sulvete
386 3537 501 3578 menes.
523 3519 582 3575 Ille
603 3537 660 3596 ego
684 3537 779 3595 nepos
804 3524 915 3590 vester,

240 3601 308 3660 Pila
320 3600 420 3678 'atque
441 3603 540 3676 lusus,
559 3603 767 3677 ludicrumque
785 3602 942 3662 fortunae:

242 3684 373 3746 Correus
394 3689 531 3764 parentis
551 3689 621 3745 exul
643 3688 741 3747 exulis
761 3706 896 3746 cursum:

242 3769 300 3828 Pro
320 3772 400 3830 ferre
420 3773 513 3845 salso,
532 3791 644 3849 proque
667 3772 780 3832 adoreo
801 3772 874 3845 libo,

243 3855 302 3916 Pro
323 3867 401 3930 ture,
425 3877 540 3935 proque
561 3858 668 3918 februo
690 3855 853 3936 parentali,
