3000 4725
738 615 889 712 Α

356 782 425 853 Τώς
447 782 540 850 κύνας
560 781 689 866 ώλαφυς
710 779 803 845 ἕλκει.
819 779 1265 867 Ὑπὲρβαθμδνπόδατείνειν.

346 865 454 952 Ὕβρις
476 865 594 951 ἔρωτας
617 865 719 928 ἔλυσε.
742 865 815 935 Διδς
833 867 924 972 χάλα.
949 865 1021 949 Θρὶξ
1045 866 1104 930 ἀνὰ
1124 867 1245 951 μέσσον.

347 949 456 1036 Ὕδωρ
479 952 509 1014 ἐν
530 947 618 1014 Κυνά
656 949 751 1034 οργάρ
777 950 952 1036 ἐλευθερον.
972 948 1023 1014 Ἐν
1048 954 1143 1037 καρὸς
1165 951 1246 1036 αἴσῃ.

346 1034 404 1099 Ὗν
428 1034 598 1121 Ἀφροδίτῃ
640 1034 745 1103 θυσας.
760 1029 852 1120 Ἅμα
872 1034 1000 1119 πρόσσω
1023 1037 1074 1099 καὶ
1098 1037 1227 1102 δπίσσω.

357 1121 483 1186 Φελλοῦ
502 1118 700 1204 κουφότερος.
731 1115 778 1182 Τά
798 1120 964 1204 γράμματα
984 1117 1248 1206 Βελλεροφόντης.

357 1205 502 1274 Φοίνικος
524 1205 739 1288 σπανιώτερος.
763 1205 851 1288 Αὕτη
873 1209 925 1268 νῦν
948 1204 1044 1290 σοφία
1067 1208 1116 1289 (ᾖ.

357 1288 561 1374 Φρουρεῖν,ἣ
586 1290 739 1354 πλουτεῖν.
761 1288 821 1354 Σδν
847 1293 892 1374 τῷ
916 1289 984 1352 κυνλ
1003 1290 1054 1353 καὶ
1074 1291 1126 1352 τδν
1149 1291 1265 1374 ἱμάντα.

355 1371 548 1458 Χειρυδίκαι.
564 1369 724 1436 Ῥοπάλου
748 1378 860 1436 πεινῶν
884 1372 954 1442 ὄνος
979 1373 1037 1437 οὐκ
1062 1374 1207 1457 ἀλεγίζει.

355 1455 435 1527 Χῖος
455 1460 531 1543 πρὸς
554 1454 656 1521 Κῶον.
682 1455 803 1522 Πολλαὶ
824 1459 914 1526 κυνδς
938 1457 1067 1542 ἄρσενος
1086 1458 1185 1523 εόναί.

354 1539 468 1628 Χοῖρυι
491 1543 580 1628 μητρὶ
604 1541 727 1606 ἔπεσθε.
749 1539 867 1627 Μέχρις
891 1543 1000 1628 βωμοῦ
1025 1543 1114 1627 φίλος
1138 1544 1209 1628 εἰμί.

355 1622 597 1713 Χρηστολογεῖν.
618 1623 785 1711 Ὑπόδημα
799 1628 896 1695 ποδδς
911 1627 989 1690 κατά
1002 1629 1054 1692 τδν
1072 1626 1163 1711 λόχον
1180 1627 1265 1692 ἔστω.

355 1708 479 1796 Χύτραν
499 1712 676 1780 ποικιλλεις.
700 1707 738 1775 ‘O
760 1714 866 1795 φυγὼν
892 1711 988 1794 μόλον
1016 1711 1130 1797 ἄλφιτα
1152 1711 1264 1798 φεύγει.

356 1794 502 1880 Ψύραθεν
524 1795 683 1859 Διόνυσον.
699 1795 818 1860 Ἄκουε
833 1800 888 1859 τοῦ
903 1796 981 1872 ώτία
991 1796 1119 1881 τέσσαρ’
1135 1795 1263 1882 ἔχοντος.

351 1877 407 1951 Ὣς
429 1881 523 1964 λευκὴ
547 1881 667 1964 στάθμη
692 1883 796 1966 λευκῷ
818 1880 906 1964 λίθῳ.
927 1879 1017 1944 Abx&
1037 1879 1081 1943 δι’
1105 1880 1217 1946 αύτιῖιν.

350 1963 407 2035 Ὣς
429 1965 522 2035 τέττιξ
545 1969 671 2049 πρώκας
691 1964 879 2049 σιτούμενος.
902 1964 1130 2050 Ἀλφεσίβοιαι.

346 2045 466 2134 Ὥσπερ
490 2050 644 2134 κυχχύλην
666 2051 788 2198 διελιρίνἒ
817 2048 1028 2156 Ἀπόχλουτυς
1049 2049 1205 2137 ὑπάρχεις.

693 2159 734 2197 απ
790 2157 809 2197 α
855 2157 937 2198 ειων.

345 2217 391 2283 Ἃ
413 2219 463 2281 δεῖ
483 2217 637 2300 γενέσθαι,
660 2224 756 2282 ταῦτα
776 2136 1017 2302 κάθβχενήσεται.

345 2301 391 2368 “A
414 2301 486 2384 σύγε
510 2305 618 2379 ποιεῖς,
643 2303 683 2386 μὴ
706 2308 803 2367 ταῦτα
822 2303 939 2389 νεμέσα
955 2307 1019 2371 τοῖς
1037 2301 1145 2373 πέλας.

349 2386 438 2471 Ἀχει
460 2388 495 2450 δὲ
514 2389 591 2471 πρδς
613 2392 680 2472 φώς
697 2388 749 2451 τ“ν
775 2390 925 2472 ἀλήθειαν
948 2387 1031 2456 θεός.
1122 2433 1125 2440 ι

350 2472 604 2557 Ἀγεωμέτρητος
627 2473 720 2535 ἐνθάδ
759 2472 862 2543 οὐδεὶς
883 2473 997 2537 εἰσίτω.

351 2554 452 2639 Ἀγών
471 2557 558 2639 φιλία
577 2579 610 2619 τε
632 2556 786 2641 πρόφασιν
803 2558 859 2623 οὐκ
880 2557 1065 2642 ἐπιδέχεται.

352 2639 480 2723 Ἀχνυεῖ
502 2640 532 2703 δ’
555 2642 674 2727 ἀράχνη
701 2643 815 2710 παῖδας
839 2647 882 2712 ώς
899 2640 1089 2708 παιδεύεται.

399 2726 544 2873 θρέφασα
565 2726 622 2833 γὰρ
646 2724 791 2811 τέθνηκεν
815 2728 873 2792 ύπδ
897 2731 957 2790 τῶν
979 2727 1144 2810 φιλτάτων.

353 2810 460 2894 Ἀελχ
485 2833 500 2894 ρ
525 2808 558 2874 εδ
576 2833 734 2874 πιπτουσιν
761 2812 790 2874 οἱ
813 2814 887 2880 Διὸς
906 2810 1005 2897 κύβοι.

351 2894 421 2959 Ἀεὶ
440 2896 577 2978 χεωρχδς
600 2895 642 2963 εἰς
664 2894 766 2977 νέωτα
786 2897 942 2965 πλούσιος.

351 2978 418 3045 Ἀεὶ
442 2982 566 3048 κολοιὸς
584 2980 669 3063 παρὰ
688 2981 813 3044 κολυιδν
837 2982 954 3053 ἱζάνει..

351 3062 503 3147 Ἀηδόνες
527 3062 684 3148 λέσχαισιν
710 3065 930 3149 ἐγκαθήμεναι.

348 3147 469 3212 Ἀθυτα
492 3148 521 3211 δ’
546 3148 614 3232 ἱερὰ
631 3150 781 3219 πολλάκις
800 3150 964 3215 κατεσθίει.

348 3230 456 3301 Ἀθως
477 3232 625 3296 καλύπτει
646 3233 767 3317 πλευρὰ
788 3234 925 3318 Λημνίας
949 3232 1032 3320 βοός.

348 3314 456 3385 ’Άθως
477 3318 593 3389 σκιάζει
615 3322 698 3381 νῶτα
720 3318 858 3401 Λημνίας
877 3317 963 3387 ἁλός.

356 3398 446 3465 Αἰτεῖ
465 3424 500 3483 γε
523 3404 574 3465 καὶ
595 3402 667 3471 τοὺς
688 3402 870 3486 ἀνδριάντας
890 3402 930 3467 άλ
957 3426 1015 3466 ιτα.

350 3482 477 3568 Ἀκλητὶ
500 3488 696 3571 κωμάζουσιν
720 3488 764 3556 εἰς
786 3489 885 3571 φίλων
907 3426 1002 3572 φθοι.

348 3567 475 3653 Ἀκμων
499 3570 639 3654 μέγιστος
661 3571 697 3635 οὐ
723 3573 865 3658 φοβεῖται
892 3571 964 3640 τοὺς
986 3571 1120 3657 ψόφους.

348 3648 455 3739 Ἀκριρ
479 3655 514 3717 δὲ
535 3657 674 3741 κεφαλὴν
696 3659 850 3740 κνώμενοι
873 3660 918 3741 τιρῖ
942 3656 1096 3742 δακτύλῳ.

352 3735 511 3802 “Αλίσκετ’
531 3737 592 3826 ἀρα
614 3742 666 3803 καὶ
688 3743 765 3824 πρδς
787 3742 928 3804 ἀσθενῶν
948 3740 1056 3825 ταχὺς,

395 3824 539 3909 καὶπρὸς
559 3827 701 3910 χελώνης
719 3826 808 3895 ἀετδς
829 3824 860 3889 ἐν
885 3825 999 3911 βραχεῖ
1015 3824 1130 3911 χρόνιρ.
