3000 4725
715 569 866 664 Q

333 740 374 800 Et
398 757 476 814 quos
492 739 624 798 habebat
640 739 782 817 languor,
800 760 863 800 uno
885 739 1032 815 temporis

333 824 486 883 Damnum
509 834 539 882 et
562 825 690 883 salutem
714 833 940 900 consequuntur
961 824 1086 900 impetu.

332 909 481 984 Princeps
503 909 608 968 tributi
628 911 749 970 nominc
773 911 924 986 [c]uuctas
949 909 1058 971 civium

333 993 469 1068 Delibat,
488 994 567 1052 idem
589 1004 726 1072 praestat
746 1006 778 1054 et
798 1005 879 1055 tutas
904 1013 990 1069 opes.

334 1162 385 1222 52.
431 1159 478 1223 Sit
497 1164 558 1222 dux
578 1165 694 1242 peritus
715 1165 837 1223 ordines
859 1163 1037 1241 disponere:

266 1269 270 1280 ’
332 1247 452 1306 Diurna
467 1256 568 1308 castra
589 1250 701 1308 muniis
724 1249 925 1326 distinguere:

333 1330 489 1391 Nocturna
511 1334 590 1392 vallo
615 1335 737 1412 cingere
758 1342 789 1392 et
811 1333 964 1392 custodia:

334 1415 392 1478 Oui
410 1418 488 1479 Fors
510 1419 551 1478 sit
572 1438 697 1496 anceps,
721 1428 804 1477 certa
823 1419 930 1491 virtus,
951 1416 1004 1493 qui
1023 1415 1106 1492 capit

334 1501 530 1575 Occasioues,
553 1504 664 1579 quique
689 1503 791 1562 differt
811 1504 954 1580 impetus.

331 1587 433 1647 Pedes
456 1588 503 1646 sui
527 1589 567 1648 sit
587 1590 686 1648 factus
708 1589 747 1647 ad
768 1590 873 1648 iussus
895 1588 991 1662 ducis,

331 1672 487 1749 Frequens
508 1673 593 1732 adire
613 1674 711 1752 signa,
733 1693 805 1732 raro
829 1691 1001 1744 excurrere,

332 1757 415 1817 Raro
436 1758 569 1835 experiri
592 1759 717 1818 fortuita
739 1759 869 1836 praelia,

333 1839 395 1903 Sed
418 1861 451 1901 se
476 1845 531 1902 sub
554 1845 632 1921 ipsis
650 1844 804 1904 continere
826 1843 959 1904 sedibus.

331 1927 434 2002 Eques
454 1947 563 2004 parare
583 1930 623 1988 sit
645 1929 725 1987 celer
744 1929 915 1999 victoriam,

331 2012 391 2070 Vel
413 2013 517 2072 tardus
539 2015 583 2072 ita
603 2014 644 2074 sit
667 2015 785 2087 cedere,
807 2023 841 2074 ut
859 2012 1035 2072 constantia

313 2094 490 2156 ⁴cunctatio
512 2098 562 2171 sit,
588 2109 618 2156 et
640 2107 738 2158 metus
762 2100 916 2158 velocitas.

330 2181 494 2245 Praestent
515 2184 631 2259 utrique
652 2191 773 2242 mutuas
793 2185 877 2244 vices
900 2182 970 2253 sibi,

331 2265 404 2324 Dux
426 2268 596 2345 copiarnm3
618 2269 726 2346 copiae
745 2270 838 2329 decus
860 2267 956 2327 ducis.

333 2349 395 2414 Sed
418 2352 597 2431 disciplinae
621 2353 769 2413 militaris.
784 2352 881 2433 gloria
899 2361 957 2431 est,

332 2437 465 2513 Quando
488 2438 556 2497 duci
577 2439 647 2516 plns
669 2440 781 2512 fiditur,
802 2460 891 2515 quam
915 2437 1022 2513 copiis.

332 2605 383 2665 53.
428 2604 486 2679 Qui
509 2626 631 2667 cernere
652 2628 747 2684 aequo
767 2611 865 2668 Marte
885 2609 1115 2675 denotaverat,
1200 2652 1204 2659 .

333 2691 511 2768 Ignaviane,
533 2695 713 2753 consciusne
735 2695 854 2766 virium,

331 2785 471 2854 Angusta
491 2798 634 2855 rumpens
656 2780 756 2839 factus
778 2788 826 2838 est
847 2778 1017 2837 audentior.

332 2859 389 2921 cui
411 2882 466 2939 per
486 2864 655 2942 phalanges
676 2865 832 2941 expedivit
851 2864 964 2922 exitum

330 2946 414 3005 Irata
437 2947 542 3022 virtus,
566 2950 615 3007 hic
636 2949 811 3007 tremendus
833 2949 965 3007 maxime
985 2954 1042 3018 est,

331 3028 430 3104 Quum
446 3032 519 3090 feeit
539 3036 658 3093 animos
681 3042 765 3093 arcta
782 3033 962 3109 desperatio.

331 3116 381 3177 Ad
401 3117 587 3176 moliendum
609 3119 743 3177 maxima
764 3120 917 3177 efficacior

331 3199 535 3262 Necessitatis
557 3222 677 3275 norma,
702 3222 792 3279 quam
816 3204 936 3262 rimatis
958 3210 1015 3260 est.

332 3369 383 3429 54.
426 3370 535 3431 Plures
558 3374 590 3430 in
612 3374 686 3431 urbe
706 3374 732 3432 si
756 3373 830 3430 boni
853 3374 925 3444 sint,
947 3390 1038 3447 quarn
1058 3368 1143 3442 maii,

331 3454 511 3528 Hominum,
534 3458 712 3532 quibuscum
732 3458 885 3534 transigas
907 3476 1015 3516 aevum
1037 3463 1133 3527 tuum,

330 3540 504 3599 Fastidiose
527 3542 616 3601 debet
637 3561 708 3602 esse
728 3543 848 3601 eiectio.
1100 3538 1235 3615 [chutici]

332 3622 421 3697 Qtrod
441 3625 468 3683 si
486 3627 560 3684 boui
587 3627 650 3685 sint
666 3628 812 3700 rariores,
834 3645 925 3702 quarn
947 3625 1031 3697 mali,

330 3709 457 3769 Frustra
479 3711 636 3789 eliguntur.
660 3712 720 3769 Pro
744 3713 861 3789 optimo
883 3717 931 3771 est
950 3710 1051 3769 minua
1072 3709 1180 3770 maius.
