3000 4725
602 626 754 723 „3⁵2-

307 788 352 854 Τά
361 788 468 873 γνῶστ’
479 789 542 853 ἐστὶ
549 792 699 877 λογισμῷ,
708 791 784 875 ἀτὰρ
793 788 824 853 τ’
833 790 974 873 άγνωστα
983 793 1133 875 τυχηρῶς.

232 874 283 939 ΛΓ.
307 872 344 939 Εἰ
368 876 472 960 βίοτος
494 881 671 961 στρωφᾶται
693 876 925 959 άτεκμάρτοισιν
944 875 1080 952 ἀέθλοις,

297 957 406 1043 Ἧμαρ
429 959 461 1021 ἐν
486 956 654 1043 ιβπονέεις
669 965 728 1023 πᾶν
748 959 877 1043 κέρδεος
898 959 1098 1042 άντιλογίίου.

232 1042 284 1107 Λθ.
305 1041 371 1128 Κῗην
394 1044 535 1112 ἐπίδοξος
557 1042 613 1129 ἔης
633 1049 729 1128 νιιιᾷν,
751 1045 876 1107 ὑπόεικε
899 1042 982 1127 φίλῳ
1006 1050 1073 1111 σού.

305 1125 368 1211 Τῆς
388 1127 447 1211 γὰρ
472 1128 640 1212 ύπηρεσίης
662 1130 748 1211 ἡδεῖς
771 1130 920 1208 ἡττῶνται
944 1129 1070 1212 ἑταῖροι.

230 1199 284 1274 ΛΕ.
304 1208 342 1275 Εἰ
365 1210 478 1295 μεγάλ’
502 1214 634 1290 αἰτίζεις,
655 1214 696 1296 μὴ
720 1213 826 1297 φείδεο
849 1212 921 1297 βαιὰ
938 1220 1094 1297 χορηγεῖν.

295 1292 376 1359 Ὧδε
400 1296 491 1381 χάρις
511 1298 662 1366 τοίςδεσσι
688 1298 798 1380 φιλους
821 1299 962 1379 δεσμοῖσι
983 1300 1135 1361 συνάπτει.

228 1376 275 1446 Λς.
303 1377 421 1443 Νείκεα
432 1381 508 1465 τῷδ’
523 1381 657 1464 ἐπάγειν,
668 1381 702 1449 ὅς
716 1404 765 1443 σοι
779 1381 868 1466 φιλος
880 1381 1133 1465 ἐστὶ,φυλάσσου.

300 1460 420 1549 Ἔχθος
439 1462 530 1527 ἔτικτ’
553 1467 639 1549 όργὴ,
662 1466 765 1550 φιλίης
790 1466 819 1531 δ’
843 1465 973 1549 ὁμόνοια
992 1464 1110 1549 τιθήνη.

228 1542 280 1607 ΛΖ.
294 1545 354 1611 Ἢν
364 1548 399 1611 σέ
410 1548 660 1633 ποτάμπλαιιίαι
671 1550 818 1633 θεράπων
829 1552 990 1633 προάγωσι
1002 1550 1060 1633 πρδ
1087 1550 1135 1634 όρ-

303 1628 365 1716 Τῆς
381 1635 480 1716 ὁρμῆς
492 1633 640 1718 κρατέειν,
654 1638 714 1697 τῶν
728 1634 850 1697 οἰκείων
863 1634 912 1697 ίνα
928 1634 1031 1718 φείση.
1055 1634 1134 1718 [γὴν,

185 1746 187 1751 r
227 1711 352 1780 ΛΗ.Ὃν
377 1722 462 1799 νικᾷν
487 1717 626 1795 δύνασαι,
649 1723 688 1800 τῇ
709 1719 853 1803 καρτερίη
877 1720 1060 1803 περιγίγνου.

302 1800 372 1863 Αίεὶ
394 1803 539 1886 καρτερίη
562 1804 591 1865 δ’
617 1803 755 1887 άρετάων
778 1803 841 1868 ἐστὶ
864 1803 999 1886 μεγίστη.

225 1879 280 1943 ΛΘ.
298 1881 477 1954 Ἐνδυκέως
497 1887 635 1968 ταρίευε,
657 1886 752 1968 τάπερ
772 1888 901 1973 καμάτῳ
920 1885 1111 1970 πεπόρισται.

302 1966 483 2053 Τὴνπενίην
492 1968 785 2055 κάματοςγ’,δτανη
799 1973 984 2055 δαπανηρὸς,
996 1971 1133 2055 ὀφέλλει.

224 2045 261 2114 M.
303 2051 394 2117 Τοῖσι
420 2055 522 2139 φίλοις
542 2056 593 2119 καί
605 2056 717 2118 έταισιν
732 2055 807 2122 ἐπὰν
823 2054 984 2139 φιλότιμος
999 2054 1135 2155 ἀκούσης

297 2134 429 2223 Ὄλβιος
450 2139 619 2225 εὐτυχέων,
641 2139 677 2203 σύ
704 2140 738 2203 δὲ
761 2140 904 2225 φιλτερος
923 2138 986 2202 ἴσθι
1002 2162 1134 2225 σεαυτιρ.

467 2302 637 2372 ΒΙΒΛΙΟΝ
661 2304 888 2374 ΔΕΥΤΕΡΟΝ.

181 2426 183 2433 1
222 2386 255 2451 A.
292 2388 394 2475 Ἔργα
417 2392 590 2475 γεωπονίης
613 2394 640 2455 εί
664 2394 692 2455 σ’
719 2393 834 2457 εἰδέναι
855 2394 961 2478 ἵμερος
984 2395 1075 2478 αἱρεῖ,

298 2473 459 2559 Βιργιλιον
485 2476 578 2547 δίζευ.
601 2477 738 2561 βοτανῶν
763 2479 797 2540 δὲ
821 2480 973 2562 δαήμεναι
994 2479 1095 2561 ἀκμὰς

181 2624 182 2627 ,
299 2557 339 2624 Εἰ
361 2558 500 2638 ποθέεις,
521 2561 633 2629 ταύτας
656 2561 786 2644 Μάκρου
811 2564 962 2625 κλείουσιν
987 2563 1101 2639 ἀοιδαὶ,

292 2639 395 2708 Ὥσκε
415 2643 520 2707 δύναιο
541 2645 632 2708 νόσον
657 2647 777 2728 μελέων
803 2647 863 2710 ἀπὸ
883 2650 985 2709 πᾶσαν
1010 2647 1134 2728 ἀμύναι.

299 2727 339 2793 Εἰ
359 2728 394 2790 δ’
410 2727 529 2797 ἐθέλεις
546 2730 662 2813 ῥώμης,
677 2731 836 2813 ἐμφύλους
857 2731 885 2792 τ’
900 2728 986 2811 ίδμεν
1004 2731 1134 2810 ἀγῶνας,

299 2813 463 2877 Λουκανδν
490 2815 633 2897 ζήτησον,
652 2815 686 2882 ὃς
701 2815 814 2896 Ἀρεος
837 2813 920 2875 εἶπεν
942 2813 1085 2881 ἀέθλους.

299 2896 339 2962 Εἰ
362 2897 401 2980 δὴ
423 2897 495 2980 έρηῑν
518 2899 569 2961 καὶ
590 2896 681 2982 ἔρωτι
704 2897 890 2981 μαθητεύειν
908 2896 1134 2981 προβέβουλας,

191 2979 196 2988 ’
298 2980 545 3067 Νάσωνοςπάρα
555 2988 650 3046 ταῦτα
666 2983 786 3065 μάθοις.
801 2979 877 3044 Εἶθ’
888 2982 962 3044 αὐτὸ
977 2986 1134 3065 μεριμνᾷς,

299 3065 376 3132 Πῶς
390 3067 487 3148 σοφδς
502 3068 545 3129 ῶν
556 3069 681 3149 διάγοις,
692 3067 783 3130 κλύθι
798 3072 870 3150 μού,
880 3066 930 3130 ίνα
942 3070 1038 3128 ταῦτα
1053 3065 1133 3127 διδα-

298 3148 1020 3235 Πάνταδίῶνίωὴνιιακίηςδίχαπᾶσανἀνύσης.
1041 3148 1135 3233 [χθγῖς

300 3234 401 3317 Δεόρ’
412 3231 484 3319 άρα,
496 3237 548 3299 καί
561 3236 590 3297 τί
602 3236 691 3298 πέλει
700 3237 794 3319 σοφίη
810 3236 969 3340 μαθὲινύν,
983 3234 1052 3297 τάδ’
1064 3235 1134 3296 ἀνα-

849 3341 928 3388 νους.

217 3395 253 3462 Β.
298 3402 339 3468 Εἰ
360 3399 502 3483 δύνασαι,
522 3409 654 3468 σπεῦσον
678 3403 729 3466 καί
744 3403 816 3472 τοὺς
829 3343 1134 3485 ύίγνῶταςόφέλλειν.

297 3484 433 3570 Κέρδιόν
456 3487 520 3550 ἐστι
543 3488 881 3571 φίλοοςπεριποιεῖσθ
904 3489 923 3571 ἢ
949 3485 1133 3574 βασιλεύειν.

217 3567 249 3632 Γ.
299 3574 398 3636 Λεῖπε
412 3572 526 3636 θεούτ’
538 3571 704 3656 άρρητα,τί
708 3571 735 3634 τ’
747 3571 880 3656 οὐρανός
891 3571 983 3648 ἐστιν,
997 3573 1133 3654 ἐρευνᾷν.

301 3655 421 3739 Θνητδς
440 3657 500 3718 ἐῶν
521 3657 660 3740 θνητοῖσι
684 3655 845 3739 μεμηλότα
868 3654 943 3740 ἔργα
966 3656 1107 3740 μερίμνα.

217 3740 250 3803 Δ.
293 3736 403 3803 Ῥῖπτε
419 3739 516 3825 φόβον
531 3739 677 3804 θανάτου.
694 3739 793 3823 τὸγὰρ
808 3740 947 3826 άφραδές
963 3739 1134 3822 ἐστιν,οἰλή-

828 3849 908 3894 κτωί
