3000 4725
664 611 727 671 293

246 774 470 853 Promisouique
488 778 597 855 volgus
619 782 747 840 armenti
769 798 876 849 avopo.

245 860 288 918 Ibi
306 863 433 921 buceras
456 864 612 923 sternebat
632 865 813 937 animantes,
834 865 910 923 nihil

244 944 370 1006 Pareens
394 948 506 1007 furori:
529 949 619 1008 modo
639 958 762 1009 cruenta
779 950 920 1009 credulus

244 1031 330 1089 Manu
349 1051 460 1091 necare
485 1034 605 1110 gemina
626 1035 750 1095 Atridas
774 1054 919 1111 corpora:

243 1115 325 1174 Modo
345 1117 437 1190 hune,
459 1120 552 1177 modo
573 1119 659 1177 illum
679 1120 796 1179 seilicet
819 1128 954 1177 mactans
973 1118 1090 1179 ducem.

244 1203 296 1258 Ast
313 1220 369 1278 ego
389 1203 488 1261 virum
508 1203 609 1262 furore
628 1213 796 1263 torrentem
817 1223 895 1282 vago

243 1282 403 1362 Urgebam,
423 1288 456 1345 in
477 1287 555 1347 altos
578 1289 708 1349 induens
729 1308 834 1349 casses
856 1289 937 1348 mali.

243 1367 404 1447 Postquam
429 1372 548 1431 remisit
567 1375 615 1432 vis
639 1375 752 1435 furoris
775 1375 813 1433 de
832 1394 917 1447 neos,

243 1456 384 1515 Armenta
404 1458 475 1515 vira
497 1459 708 1535 compedarum
726 1459 856 1519 vinculis
907 1530 909 1535 Ι

244 1535 373 1615 Captiva,
395 1542 453 1601 sed
473 1560 540 1599 eum
561 1545 704 1620 gregibus
724 1545 847 1604 abducit
866 1544 1000 1617 domum,

243 1620 389 1686 Homines
413 1635 524 1702 putans
546 1629 679 1705 abigere,
704 1650 764 1687 non
786 1630 891 1689 brutos
911 1647 1035 1706 gregasr

245 1706 325 1782 Quos
347 1730 431 1769 nuno
451 1712 580 1789 flagellis
603 1715 712 1788 aeoipit
732 1714 851 1773 vinctos
873 1714 962 1773 male.

243 1795 303 1870 Age
324 1796 443 1856 huncce
462 1797 555 1856 sodes
578 1799 708 1856 indicem
732 1800 869 1857 morbum
890 1799 955 1870 tibi,

243 1876 274 1934 In
295 1880 403 1959 volgus
424 1890 458 1940 nt
481 1901 549 1939 aum
571 1883 706 1956 differas,
727 1882 780 1941 ubi
799 1882 922 1941 videris.

242 1959 287 2019 Ne
308 1965 467 2040 defetisce,
491 1987 567 2026 nere
588 1970 699 2046 dopnta
720 1969 753 2025 in
776 1968 855 2025 malo

245 2044 404 2111 Hominem
426 2051 538 2111 videre.
561 2053 709 2111 luminum
730 2072 857 2111 aversos
880 2072 937 2130 ego
956 2044 959 2053 ’

244 2130 337 2195 Orbes
359 2137 527 2209 reflectam,
550 2139 732 2213 quominus
756 2146 785 2195 te
809 2137 925 2197 viderit.

281 2218 307 2278 0
331 2222 383 2295 qui
405 2222 549 2280 revinctis
572 2223 710 2281 manibus
734 2224 878 2282 abductas
900 2222 966 2300 egis

244 2297 407 2366 Hominum
429 2313 577 2381 catervas,
601 2308 659 2366 huo
680 2308 836 2382 adesdum,
857 2316 886 2366 te
907 2325 995 2368 voco.

244 2388 318 2450 Aiax
338 2393 406 2464 tibi,
428 2393 560 2468 inquam,
582 2394 657 2451 dieo.
680 2394 740 2452 iam
761 2394 850 2470 prodi
871 2394 964 2452 foras.

244 2469 289 2531 Ul.
336 2478 420 2553 Quid
431 2477 509 2555 agis,
531 2479 690 2537 Minerva?
711 2499 751 2536 ne
770 2479 854 2538 foras
868 2478 1024 2537 hominum
1043 2493 1149 2534 evoca:

244 2555 291 2615 Mi·
333 2559 438 2622 Potin’
463 2582 496 2622 es
518 2564 639 2621 tatere?
659 2583 716 2620 nee
737 2565 793 2621 tibi
814 2571 925 2621 metum
949 2561 1056 2621 obiice.
1151 2567 1185 2621 75

244 2637 289 2701 Ul·
335 2645 399 2721 Ne,
422 2649 545 2706 amabo:
568 2649 624 2707 sed
643 2650 798 2707 contineat
815 2649 898 2707 intus
921 2665 955 2705 se
977 2645 1067 2705 domi.

243 2723 291 2789 Mi.
332 2732 461 2791 Frustra
480 2733 604 2793 vereris.
635 2753 695 2791 non
717 2733 764 2792 vir
785 2733 865 2790 idem
886 2739 943 2804 est,
982 2731 1014 2788 ui
1035 2727 1128 2804 prius.

245 2805 290 2870 Ul·
337 2818 415 2875 Mihi
437 2817 536 2876 hostis
557 2818 637 2876 idem
660 2825 708 2876 est
729 2817 810 2893 ipse,
830 2817 882 2891 qui
904 2816 986 2891 prius
1008 2813 1074 2872 fuit.

244 2892 292 2955 Mi·
334 2901 467 2960 Illudere
488 2902 571 2962 hosti
588 2902 679 2961 ludus
701 2910 749 2960 est
768 2902 987 2960 suavissumus.

244 2975 290 3039 Ul·
336 2987 414 3044 Mihi
435 2987 557 3063 quidem
577 2988 699 3046 isthune
716 2987 799 3046 intus
821 2985 935 3044 inniudi
957 2989 1083 3043 satsat.
1152 2989 1187 3043 80

245 3061 292 3124 Mi·
334 3070 501 3130 Hominem
522 3072 626 3130 videre
645 3072 756 3130 mentis
778 3073 924 3148 impotem
942 3069 1046 3146 fugis?

244 3141 290 3209 Ul.
335 3155 448 3214 Videre
467 3158 578 3216 mentis
599 3166 773 3234 compotem
792 3175 916 3232 compos
937 3172 1055 3231 queam.

245 3231 293 3293 Mi·
334 3243 377 3300 At
395 3261 458 3300 non
477 3242 592 3300 ridebit
609 3250 640 3300 ts
658 3243 792 3318 quidem,
814 3241 950 3316 quamvis
969 3258 1076 3316 prope.

245 3313 290 3377 Ul·
340 3324 403 3386 cur
419 3347 494 3399 non,
520 3327 547 3385 si
558 3327 640 3385 idem
652 3329 750 3387 oeulis
761 3328 864 3385 lumen
877 3332 1015 3402 usurpat,
1026 3324 1151 3400 potest?

245 3400 294 3463 Mi·
323 3411 435 3483 Fam,
453 3420 485 3469 te
506 3420 540 3469 nt
560 3412 657 3471 oeulis
679 3413 729 3471 vel
746 3413 853 3471 videns
875 3429 935 3468 non
958 3409 1076 3468 viderit.
1152 3410 1186 3464 85

245 3482 291 3547 Ul·
339 3497 458 3554 Mutare
479 3515 622 3573 magnum
639 3497 686 3556 fas
706 3498 853 3572 nefasque
873 3495 943 3554 Diis
964 3495 1033 3554 leve
1055 3501 1111 3553 est.

246 3569 295 3632 Mi·
339 3579 433 3655 Tene,
452 3589 483 3639 et
503 3582 635 3656 quiesce,
657 3589 746 3656 teque
770 3581 801 3638 in
824 3581 883 3640 hoe
903 3587 984 3640 statu
1005 3587 1085 3640 tene.

247 3651 292 3716 Ul·
342 3663 465 3733 Certum
488 3674 536 3725 est
553 3674 666 3724 tenere.
688 3666 743 3724 sed
765 3665 842 3725 foris
866 3666 988 3724 mallem
1010 3672 1121 3723 tamen.

246 3738 294 3801 Mi·
336 3749 423 3809 Heus
436 3758 477 3824 te,
492 3748 618 3809 audin’i
632 3751 722 3824 Aiax,
736 3769 842 3810 rursus
855 3750 990 3829 appello.
1001 3747 1151 3816 hueades.

248 3820 304 3887 011¹
324 3853 435 3894 numen
453 3835 599 3895 auxiliare
619 3842 681 3894 tam
701 3837 789 3912 parvi
813 3836 910 3896 facis?
1152 3830 1188 3885 90
