3000 4725
441 792 505 851 ‹lsis
526 812 544 849 ο
567 810 644 866 pura
665 800 767 850 mente
786 792 944 865 ministris,

477 875 591 934 *itimae
614 877 793 954 cuppedinis
815 884 929 937 aestus.

547 1045 1112 1121 'amserePareammaasfimea,aremata.
1121 1048 1162 1108 58

580 1130 704 1193 'nantis
733 1126 825 1190 nocti'
847 1148 1009 1207 propagas,

624 1236 648 1282 ¹,
670 1234 748 1291 quae
771 1215 983 1274 subcoeleste
1005 1216 1117 1293 palude

653 1300 702 1357 'ari
723 1300 761 1358 de
782 1301 868 1359 fonte
889 1300 1001 1359 lavacri

695 1386 730 1442 ab
750 1387 869 1461 pumice
892 1404 998 1462 opaco,

670 1506 686 1527 a
709 1470 875 1529 animantia
899 1479 1009 1542 terrae,

610 1574 639 1612 m
658 1556 811 1614 hominum
833 1556 960 1628 seclum,
975 1555 1055 1628 lere,
1069 1554 1159 1613 hians

545 1674 559 1698 s
582 1642 740 1699 obstantes
762 1640 878 1698 lumina
900 1641 989 1714 velis,
1063 1640 1161 1715 [spes,

482 1746 535 1800 po,
555 1734 588 1784 ut
607 1724 694 1803 bigas
718 1725 797 1784 levis
819 1726 973 1802 aurigatur

424 1810 506 1867 etiae
526 1810 565 1867 ad
587 1820 695 1883 metas,
720 1811 847 1887 speique
869 1819 899 1867 et
921 1828 1071 1883 curarum,

345 1914 403 1969 ,am
426 1894 519 1967 casei,
539 1897 653 1974 magni,
674 1890 830 1953 laudabili'
849 1896 946 1972 regni.

297 1998 378 2038 ntum
401 1981 501 2039 Morta
521 1988 568 2041 est
590 1981 664 2040 vitai
686 1981 797 2055 prima,
819 1981 901 2038 haud
924 1980 981 2038 alis
1002 1979 1083 2038 ullus

242 2066 359 2125 alivum
381 2065 433 2139 qui
450 2065 579 2141 pedibus
601 2066 726 2143 polsant
746 2065 910 2123 coenacula
933 2064 1020 2137 coeli,

241 2153 284 2210 Et
293 2150 372 2209 Iovi'
385 2150 530 2209 cortumio
544 2161 600 2211 est.
624 2150 733 2209 etenim
746 2169 824 2225 quae
836 2157 944 2209 cuneta
955 2156 1080 2207 manent
1090 2165 1161 2220 nos,

244 2236 383 2295 Tantum·
400 2236 508 2307 Morta,
531 2237 676 2311 Iovisque
699 2235 815 2293 aeterni
837 2236 966 2294 daedala
985 2252 1072 2293 mens
1095 2232 1162 2292 scit.

242 2320 434 2394 Nocturnae,
452 2320 615 2382 mitissima
636 2330 770 2399 pectora,
793 2321 916 2380 numina
934 2321 1043 2393 amica,
1140 2371 1148 2386 ‚

243 2409 433 2483 Atropeque,
452 2414 481 2463 et
489 2406 631 2480 Lachesi,
647 2415 677 2465 et
691 2406 828 2480 Clotona,
850 2429 868 2466 o
886 2409 1034 2483 patrimae
1045 2405 1163 2478 adeste,

240 2490 366 2564 Aerias,
389 2491 517 2565 invisae,
538 2494 672 2564 tetricae,
693 2493 875 2567 irrequietas
893 2492 1009 2552 Divae:

243 2576 358 2638 Omnia
377 2577 450 2634 item
471 2577 642 2637 mortalibu’
665 2595 741 2651 quae
762 2577 853 2650 datis,
877 2578 981 2635 omnia
1000 2577 1097 2634 fertis.

167 2672 168 2678 ’
244 2663 273 2723 Ο
293 2680 372 2733 mea,
392 2662 519 2736 Mortae,
540 2662 641 2720 audite
663 2661 804 2719 lubenter
822 2662 887 2720 liba
908 2679 1088 2738 precesque,

242 2746 361 2806 Nubila
381 2753 536 2822 tergentes
559 2741 744 2805 mordacibu’
769 2754 897 2822 pectora
919 2745 1009 2803 euris.

291 2922 463 2981 Gratiarum
484 2938 533 2978 aaa
558 2916 745 2975 Veaaatatara
768 2915 908 2990 suffimen,
930 2924 1082 2973 ituraeam.
1120 2909 1163 2969 59

242 3007 362 3068 Adsitis
384 3005 521 3064 celebres
546 3002 680 3061 illustres
705 2999 841 3072 Gratiae,
861 3000 1009 3070 honorae,

241 3091 415 3170 Progenies
442 3089 527 3148 Iovis
550 3087 640 3159 alma,
661 3085 855 3160 Paludaeque
875 3083 1009 3162 Egeriai,
1100 3118 1102 3123 ·

242 3177 376 3236 Maiesta
399 3183 429 3233 et
450 3174 555 3246 Flora,
579 3179 608 3230 et
627 3171 743 3244 vitula,
768 3170 986 3248 augustissima
1007 3167 1105 3244 virgo,

241 3261 396 3322 Laetitiae
421 3268 545 3332 matres,
566 3257 699 3334 lepidae,
718 3275 825 3333 purae,
848 3255 1023 3325 vitalantes,

242 3347 425 3420 Volturnae,
448 3363 570 3420 semper
587 3341 711 3414 virides,
734 3336 908 3400 mortalibu'
928 3346 1044 3416 gratae,

243 3433 365 3492 Votitae
388 3449 510 3508 puerae,
537 3429 732 3498 Vortumnae,
756 3425 885 3497 coesiae,
906 3442 1066 3506 amoenae,

243 3518 400 3578 Assiduae
422 3521 543 3576 tentate
565 3512 700 3586 volentes
724 3511 826 3570 fausta
845 3509 994 3568 Camillis.

244 3689 343 3748 Dicae
356 3686 488 3744 Nemesis
507 3682 705 3742 Graecanicae
723 3682 847 3757 (Latiae
862 3677 1077 3751 Verticordiae)
1121 3673 1164 3735 60

641 3785 765 3826 carmen.
778 3778 781 3782 ·

245 3856 293 3916 Te
313 3873 388 3915 voca
409 3860 438 3911 te
458 3851 603 3912 Nemesis
622 3852 732 3912 victrix
751 3851 832 3923 Dea,
853 3866 966 3929 magna
989 3841 1130 3917 Camilla,
