3000 4725
731 608 883 703 *δῖ-8.-

350 778 428 837 lnno
450 777 591 849 anona,
613 777 798 852 circinoque,
819 784 850 835 et
868 776 1139 855 Vortumnifigura‚

350 863 390 923 Et
410 864 540 922 maiesta
561 862 685 935 curulis,
704 863 893 937 honoraque,
915 863 1041 937 iuraque
1064 862 1197 933 dictans,

352 946 479 1023 Semper
500 966 596 1007 ovans
619 966 712 1023 supra
731 966 837 1025 ragom
856 955 957 1023 caput,
975 946 1196 1023 induperatrix,

350 1032 514 1109 Intrepida,
536 1031 762 1105 omnidomans,
783 1051 887 1108 parca,
911 1033 1076 1105 flammata,
1098 1032 1225 1090 Tenira.

350 1117 421 1177 Flos
446 1118 524 1175 vitae
545 1125 698 1190 aeternae,
720 1118 913 1190 immortalis,
934 1117 1135 1175 Mammuriaa
1157 1117 1217 1176 vis.

351 1202 464 1263 Omnia
484 1209 517 1260 tu
537 1202 605 1262 sola
627 1221 676 1261 es:
707 1221 838 1277 namque
861 1202 965 1261 omnia
985 1210 1018 1260 tu
1035 1202 1121 1279 paris
1144 1203 1227 1279 ipsa.

350 1287 452 1363 Quare
474 1288 526 1345 ted
548 1306 601 1347 oro
625 1305 691 1345 cunr
714 1283 820 1345 ditibn’
843 1287 1076 1364 Temperiabus,

349 1372 521 1448 Pacemque
544 1380 634 1447 atque
656 1371 787 1431 salutem
808 1391 876 1449 age,
898 1380 929 1431 at
951 1372 1101 1431 omnitera
1122 1371 1266 1447 augmina

958 1475 1069 1515 rerum.

354 1626 391 1683 10
486 1626 745 1701 humanissimae,
767 1626 956 1683 odoramenta
976 1628 1138 1700 omatpeaa.

349 1711 453 1769 Fauna
473 1710 547 1769 ades
569 1710 683 1787 Upilio,
704 1709 808 1767 mundi
830 1709 1002 1770 substantia
1021 1717 1116 1782 totus,

350 1792 486 1867 Caelum,
508 1796 592 1854 salsa
614 1796 718 1867 maris,
740 1796 832 1852 terrai
854 1794 984 1852 daedala
1004 1795 1105 1867 sedes,
1333 1807 1334 1870 l

350 1874 473 1955 Spiritu’
486 1880 635 1938 flammai:
658 1898 790 1955 namque
806 1880 882 1936 haec
894 1880 1030 1937 membra
1043 1880 1151 1938 omnia
1158 1879 1265 1937 Fauni.
1333 1891 1334 1954 t

348 1964 485 2041 Pervage
506 1964 623 2037 Fauna,
647 1963 723 2037 Sali,
747 1964 925 2040 collegaque
948 1964 1195 2041 Temperiem,

350 2048 497 2125 capripes
519 2058 549 2107 et
567 2050 710 2121 fanatice,
734 2057 853 2119 orator,
875 2049 1072 2126 siderivolgez

349 2130 476 2194 Vocibu'
501 2135 671 2195 flexanimis
695 2134 800 2191 mundi
820 2142 969 2193 concerta
984 2135 1130 2211 figurans,

348 2220 517 2277 Larvarum
537 2220 651 2293 Titule,
672 2221 837 2277 humantm
852 2219 1000 2295 remeligo
1025 2227 1208 2290 tremorum,
1333 2291 1334 2298 ἵ

347 2303 478 2378 Propter
509 2322 603 2380 aquas
635 2305 771 2384 gaudens
801 2305 979 2381 pastoribus
1000 2313 1090 2382 atque
1113 2302 1265 2374 bubulcis,

350 2387 530 2462 Collimans,
552 2391 652 2463 velox,
673 2391 751 2449 Aiae
772 2387 859 2467 igni',
882 2390 991 2449 sodali’
1013 2391 1166 2462 Virarum,

349 2474 531 2551 Omnigena‚
551 2475 760 2552 omnigenens,
781 2495 882 2534 rerum
903 2475 1055 2534 celebrata
1072 2483 1229 2551 potestas:
1316 2507 1324 2532 ι

347 2559 578 2635 Mundiparens‚
598 2560 725 2633 Lucine,
749 2562 884 2633 Iuturne,
905 2563 1069 2632 Autumno,
1090 2561 1235 2619 nutritor:

347 2644 515 2716 Autricola,
540 2645 700 2718 irritabili’,
721 2646 788 2704 iure
807 2647 888 2704 lovis
911 2645 1121 2722 capricornus,

348 2730 384 2788 ln
408 2738 437 2787 te
461 2748 531 2787 nem
555 2731 733 2807 omniparae
754 2732 847 2789 terrai
870 2738 952 2790 stant
973 2731 1042 2789 sola
1059 2731 1135 2800 lixa,

347 2815 473 2873 Aeterni
499 2823 528 2872 et
549 2817 659 2876 cedunt
680 2816 827 2874 laetantia
849 2835 997 2874 marmora
1019 2815 1123 2886 Ponti,
1231 2889 1233 2891 ‚

346 2899 387 2957 Et
409 2908 519 2963 terram
544 2901 687 2960 Oceanus
710 2902 844 2960 lustrans
865 2901 1044 2958 anfractibu’
1065 2899 1180 2960 salsis:
1333 2922 1334 2933 ¹

346 2983 506 3060 Portioque
528 2987 622 3060 aeria,
642 2986 814 3063 ignipotens
836 2986 979 3044 alimonia
998 3003 1110 3058 rarum,

346 3069 386 3128 Et
409 3079 496 3144 caput
519 3072 558 3128 ad
580 3091 731 3130 summum
757 3071 896 3148 pernicia
913 3070 1029 3129 lumina
1048 3072 1200 3129 flammae.

348 3153 430 3212 Nam
453 3165 596 3214 concreta
617 3164 669 3215 tuo
692 3156 822 3233 imperio
844 3157 921 3214 haec
942 3163 1068 3214 aeterna
1088 3157 1243 3213 feruntur:

346 3237 555 3316 Naturamque
573 3242 634 3300 tuis
652 3249 754 3302 mutas
774 3237 950 3316 pollentibu‘
971 3241 1078 3312 iussis,

345 3323 508 3408 Multorum
533 3335 658 3386 auctans
680 3327 711 3384 in
732 3335 814 3384 terra
834 3326 976 3385 mortalia
995 3325 1089 3385 secla.

345 3408 428 3485 Ergo
451 3418 537 3485 pater
558 3411 701 3483 fanatice,
725 3419 840 3485 avator,
864 3412 999 3470 adhaec
1020 3419 1074 3469 tna
1094 3410 1161 3468 liba

345 3493 430 3564 Vise,
454 3503 484 3550 et
500 3496 573 3554 vitei
595 3497 672 3554 bene
694 3495 791 3556 donas
815 3497 898 3569 exita
917 3496 1009 3568 iusta,

344 3577 518 3638 Externans
539 3581 635 3642 Inuos
656 3590 788 3640 terrores
812 3582 916 3640 linibu’
939 3591 1047 3640 terrae.

349 3747 384 3805 11
515 3749 650 3808 Heraclia
672 3749 768 3826 Sarapi
789 3751 873 3808 Fida
893 3750 1034 3825 saffiram,
1052 3760 1107 3808 tas.

345 3830 448 3910 Sange
469 3842 557 3909 pater
577 3833 698 3908 Titane,
719 3833 817 3907 Naro,
839 3834 956 3895 Nerien
977 3835 1095 3907 viriato,
