3000 4725
678 605 829 699 grs-

301 774 396 851 ζ(53)
557 766 662 843 xliiii
682 792 736 852 pot
756 768 974 853 ‘Eppduaeecu

298 858 380 917 Dum
401 857 482 916 forte
501 858 645 918 hesterno
665 859 799 919 titubans
817 859 947 937 vestigia
968 868 1044 937 potu

340 942 493 1002 Vestibuli
513 944 629 1020 primas
652 944 746 1003 induo
770 952 852 1003 serta
871 945 966 1018 fores,

297 1026 509 1088 Hermonassa
532 1029 640 1106 scyphi
662 1029 788 1106 lympha
811 1048 860 1087 me
883 1030 1012 1108 spargite
1036 1038 1066 1087 et
1086 1030 1158 1089 illas

340 1112 466 1186 Turbat,
488 1132 564 1188 quae
583 1116 637 1173 vix
653 1114 709 1172 lux
729 1122 883 1173 struxerat
901 1134 973 1188 una,
995 1134 1110 1175 comas.

298 1195 361 1264 Sed
372 1197 470 1275 magis
481 1207 568 1257 ustus
581 1218 661 1275 aqua
672 1199 770 1276 magis
785 1200 863 1258 arsi:
877 1219 947 1257 nam
959 1201 1092 1277 scyphus
1104 1219 1146 1259 ex
1157 1202 1225 1259 hac.
1320 1212 1321 1249 ἓ

339 1282 456 1342 Mellito
477 1283 587 1343 tacitas
607 1284 695 1342 duxit
715 1285 755 1342 ab
776 1304 829 1343 ore
853 1285 947 1343 feces.

299 1451 396 1528 ((54)
547 1448 672 1530 Φράζεό
699 1472 751 1531 μοι
772 1446 974 1532 Κλεοφάντις.

298 1537 426 1613 Aspice3
454 1536 544 1611 quale
565 1537 675 1610 decus,
698 1556 775 1612 quae
794 1538 873 1610 laus,
896 1535 1094 1613 Cleophanti,
1117 1539 1193 1599 duo·

955 1642 1022 1681 rum
1044 1631 1102 1696 est,

342 1704 427 1780 Quos
451 1706 565 1781 pariter
583 1707 692 1783 rapido
714 1707 835 1765 turbine
856 1714 959 1766 versat
978 1709 1083 1766 Amor.

298 1791 386 1867 Quae
407 1790 480 1849 belli
503 1790 561 1863 vis,
580 1792 686 1865 quisve
706 1800 817 1864 metus,
838 1809 916 1866 quae
939 1810 1031 1852 causa
1052 1793 1183 1870 pudoris

340 1875 409 1936 Hos
432 1875 553 1933 dirimat
574 1877 690 1935 sanctis
711 1877 840 1935 nexibus
863 1876 1046 1951 implicitos?

296 1961 417 2020 Dentur
437 1961 539 2018 vinela
558 1962 644 2033 mihi,
665 1981 744 2036 quae
765 1962 894 2019 Lemnia
912 1962 1040 2021 fabricat
1058 1965 1156 2035 incus,

340 2044 484 2121 Quosque
507 2046 593 2105 vafra
608 2046 709 2105 nodos
729 2046 878 2105 Mulciber
896 2054 960 2105 arte
983 2048 1070 2107 facit:

296 2129 467 2189 Dummodo
484 2138 513 2188 te
534 2132 720 2207 amplectens
741 2131 869 2206 cupidis,
893 2150 961 2191 mea
982 2132 1063 2207 Vita,
1086 2133 1214 2193 lacertis

340 2215 484 2273 Perfruor
504 2216 537 2273 in
558 2217 702 2275 membris
723 2216 833 2293 gaudia
853 2216 948 2293 longa
968 2217 1038 2277 tuis.

298 2299 385 2358 Tunc
407 2308 478 2357 tunc
496 2300 621 2376 hospes,
643 2309 674 2358 et
692 2301 864 2379 indigenae,
886 2302 1048 2379 fessusque
1069 2302 1183 2376 viator,

340 2387 390 2443 Me
411 2385 545 2458 videant,
569 2394 684 2444 etcum
705 2388 833 2470 coniuge
855 2375 1019 2447 sacrificus.

300 2554 396 2630 [(55)
592 2546 697 2619 Ἐξότε
721 2573 773 2631 μοι
792 2551 916 2614 πίνοντι.

296 2639 346 2697 Ex
371 2657 431 2713 quo
453 2638 526 2696 olim
548 2647 660 2715 potans
683 2658 801 2697 mecum
824 2648 950 2716 potante
970 2639 1110 2700 Chariclo

339 2723 476 2801 Ingessit
493 2724 594 2782 furtim
618 2725 743 2800 propria
766 2733 848 2783 serta
870 2725 954 2798 mihi,

298 2808 410 2867 Totum
432 2809 513 2886 ignis
533 2828 582 2868 me
601 2817 697 2867 exest.
719 2810 757 2867 In
778 2828 825 2881 ea,
846 2817 928 2884 puto,
951 2829 1082 2887 namque
1094 2829 1210 2870 corona

338 2893 386 2965 Id,
407 2913 467 2969 quo
490 2895 566 2952 arsit
587 2892 703 2952 Glauce
723 2904 795 2952 nata
817 2893 970 2969 Creontis,
994 2904 1068 2954 erat.

299 3062 396 3139 ζ(56)
572 3055 611 3122 ‘0
635 3057 753 3140 θρασὺς
775 3059 929 3144 ὑψαὺχην.

298 3145 423 3206 cervice
447 3146 536 3219 alata,
560 3153 716 3206 contracta
736 3147 845 3219 fronte,
869 3165 1003 3223 severus,

338 3230 429 3290 Nune
451 3239 499 3290 est
518 3232 648 3309 virginci
668 3231 785 3289 ludicra
808 3250 879 3290 cura
898 3233 968 3291 ioci.

295 3317 377 3375 Ante
398 3324 481 3374 ratos
504 3324 638 3375 tenerum
656 3316 788 3374 tumidus
810 3316 941 3376 laesisse
962 3315 1106 3394 puellam,

340 3398 430 3458 Gella
450 3400 546 3460 dedita
568 3421 648 3460 nunc
668 3419 724 3477 spe
745 3400 856 3460 decidit
877 3402 946 3478 ipsa
969 3420 1034 3460 sue.

296 3484 329 3543 Is
350 3485 443 3543 modo
464 3485 612 3546 femineas
634 3486 765 3562 supplex
783 3487 854 3545 iacit
874 3505 927 3546 ore
949 3486 1104 3562 querelas:

338 3570 398 3629 Illa
417 3588 517 3628 mares
540 3573 657 3630 animos
676 3570 790 3630 lumine
812 3578 899 3630 torva
918 3573 1003 3649 gerit.

295 3655 390 3733 Virgo
412 3655 514 3727 ferox,
535 3656 672 3730 quamvis
693 3656 758 3714 irae
784 3665 831 3716 est
852 3657 1022 3716 iustissima
1047 3671 1161 3724 caussa,

338 3741 435 3800 Parce
453 3739 577 3800 animis:
598 3740 742 3800 Nemesis
764 3741 825 3800 tela
847 3744 1017 3819 propinqua
1038 3741 1119 3798 time.
