3000 4725
598 640 747 735 Α

206 806 367 885 clangore
388 805 484 865 multo
505 808 686 867 horedulam
709 810 870 869 Bodetiam
926 824 930 832 “
992 807 995 815 '

207 892 327 953 Oalans
347 891 474 967 rapinae
495 892 641 968 nuptialis
663 894 824 953 vindicem.

205 982 266 1037 Ast
288 976 345 1035 illa
371 976 467 1053 siguis
491 996 603 1053 aspero
624 978 739 1055 palutio

205 1062 316 1140 Pupas
341 1063 656 1123 coruscansoaelitus
680 1065 855 1137 minabitur,

204 1148 316 1224 Lapsa
338 1165 379 1204 ex
399 1146 514 1205 fulanto
532 1148 623 1223 patrii
646 1149 709 1208 solo
731 1148 828 1222 louis,

204 1237 273 1291 Avo
295 1231 461 1310 imperanti
482 1232 592 1291 nobilis
615 1234 783 1309 possessio.

204 1317 310 1378 Unius
332 1316 371 1375 ob
397 1334 511 1374 noxam
534 1318 608 1375 orba
629 1318 713 1377 mille
732 1319 861 1377 liberdm

205 1400 364 1461 Tumulos
385 1400 493 1461 inanes
514 1413 716 1478 conqueretur
742 1402 873 1463 Graecia

205 1486 280 1549 Non
304 1487 338 1543 iu
360 1485 520 1561 sepulcris,
543 1487 597 1547 sed
619 1490 710 1548 maris
730 1489 823 1550 fundo
846 1489 934 1561 sitos,

204 1572 290 1649 Rogi
313 1588 489 1647 supremum
510 1592 573 1631 nou
594 1580 731 1649 tegentes
752 1574 911 1649 pulverem

203 1656 306 1717 Urnis
329 1655 485 1727 latentem,
505 1664 540 1713 ut
559 1658 640 1715 iusta
661 1658 828 1717 denicaliaz

206 1741 270 1801 Sed
297 1740 385 1799 triste
407 1758 531 1814 nomen,
555 1750 644 1817 atque
663 1744 812 1819 cespitum
835 1751 925 1802 notas

204 1826 379 1885 Parentum
401 1825 507 1885 amicis
528 1826 669 1904 irrigatas
693 1828 815 1886 fletibus

204 1912 246 1971 Et
263 1910 431 1968 liberorum
452 1908 595 1969 lacrumis
620 1920 650 1970 et
671 1912 844 1989 coniugum.

206 1994 359 2073 Ophelte,
382 2003 474 2070 tuque
496 1997 616 2073 rupium
639 2006 739 2056 custos
759 1998 871 2068 Zarex,

204 2081 395 2156 Patraeque,
417 2086 450 2137 tu
472 2081 634 2157 Tryehata,
655 2088 747 2157 tuqus
769 2100 862 2159 asper
883 2079 1006 2153 Nedon,

205 2167 245 2225 Et
272 2183 354 2223 saxa
371 2164 534 2241 Dirphossi
554 2166 656 2225 omnia
678 2175 708 2225 et
728 2165 887 2225 Diacrihm

206 2251 333 2328 Specus
354 2249 473 2309 hiantes
495 2258 584 2325 utque
606 2250 774 2328 Phorcynis
792 2252 875 2329 iuga,

206 2335 295 2410 Quot
316 2335 513 2394 fluctuantem
536 2336 642 2396 nenias
669 2338 849 2396 cadaverum

206 2421 289 2484 cum
308 2420 466 2496 dissipatis
492 2420 621 2480 audietis
638 2424 808 2499 puppibus:

206 2508 369 2582 Quantum
389 2505 549 2563 tumultum
572 2525 755 2565 murmurum
776 2507 971 2565 infraenabili

205 2590 465 2666 Reciprocantem
486 2591 634 2650 vorticum
656 2611 782 2669 spumas
805 2591 889 2650 salo:

206 2675 294 2750 Quot
321 2674 430 2752 deiude
447 2675 577 2734 thunnos
599 2677 695 2734 saucii
714 2676 912 2752 compagibus

205 2761 258 2820 Ad
284 2778 363 2818 saxa
385 2760 489 2819 fractis
515 2759 649 2832 verticis,
672 2777 749 2836 quos
775 2760 903 2817 caelitus

205 2845 317 2904 Noctu
336 2845 478 2904 rubentes
502 2845 662 2904 manubiae
686 2845 815 2904 obstitos
839 2852 988 2921 prement,

205 2929 273 2992 Ubi
295 2928 367 2987 flore
385 2930 446 2994 ism
469 2929 664 3008 vertiginosis
685 2930 790 2988 Liberi

205 3013 343 3074 Lucebit
363 3014 493 3074 iudicem
516 3015 709 3074 tenebrarum
728 3015 827 3072 facem

205 3101 301 3160 Ultor
323 3100 443 3157 nocenti
459 3099 590 3177 pervigil
613 3117 702 3158 curae
725 3098 861 3158 studens.

206 3189 252 3244 At
274 3185 353 3241 hunc
373 3191 407 3242 ut
425 3186 652 3243 amburvantem
676 3185 763 3260 aquis
786 3182 954 3242 alcedinum

206 3271 275 3329 Per
296 3287 375 3326 saxa
393 3269 498 3344 iniqua
517 3269 640 3328 velitem
662 3271 772 3328 fluetus
793 3269 870 3326 feret
943 3282 945 3293 ·

207 3359 324 3414 Actum
345 3353 489 3430 procellis
509 3355 589 3412 inter
608 3373 677 3414 aras
700 3354 848 3430 duplices.

209 3439 368 3516 Gyrisque
390 3439 508 3498 siccans
526 3441 559 3497 in
581 3441 676 3516 petris
700 3441 765 3498 alas
786 3437 863 3496 mari

208 3523 310 3584 Multo
330 3523 499 3597 madentes,
517 3525 645 3582 alterum
668 3543 753 3582 mars
774 3522 891 3580 hauriet

208 3611 386 3685 Perpessus
408 3609 486 3668 ictus
509 3627 528 3666 a
547 3609 676 3668 tridente
696 3609 827 3680 fuscina,

209 3694 282 3767 Qua
302 3693 383 3753 ultor
404 3694 489 3752 illam
510 3694 674 3753 vulnerans
701 3694 860 3770 operarius

210 3778 293 3838 Cum
316 3778 396 3838 orcis
418 3779 521 3857 adiget
541 3779 655 3836 habere
673 3797 864 3838 communem
885 3779 1000 3856 fugam,

210 3863 304 3922 Vano
325 3863 474 3924 cucullum
490 3865 678 3924 blattientem
697 3864 812 3941 pipulo.
