3000 4725
720 570 871 665 aa„

339 738 477 799 Cinctum
498 737 609 810 ederis,
629 738 851 810 tauriirontem,
872 739 1064 798 Mamertium
1084 756 1250 800 amoenum.

338 824 457 896 Bainle,
477 823 565 881 trime
588 828 687 899 pater:
709 823 939 895 vestifroudem,
962 824 1182 901 uvigersntem.
1226 845 1229 850 ’

328 907 513 981 ‚Consentia
537 906 655 967 Consul
675 908 772 980 Iovis,
796 915 827 965 et
845 908 1049 985 Proserpinae
1070 930 1194 987 opaese,

338 993 446 1052 Editus
470 1012 581 1053 arcano
605 993 678 1051 nixu
699 992 865 1071 purissime
886 993 964 1052 Dis:

339 1081 448 1138 Annus
471 1077 641 1155 suppliciis,
662 1085 692 1136 et
712 1078 826 1137 blando
848 1079 972 1137 numine
993 1079 1120 1155 sponde,

339 1164 446 1223 Mitem
465 1163 599 1223 animum
623 1163 753 1239 spirans,
778 1163 921 1223 uinotutis
943 1165 1104 1239 proximus
1125 1167 1219 1227 assis.

340 1335 382 1393 30
651 1331 774 1389 Gonnos
798 1331 955 1391 Saliorum.

339 1421 587 1490 Ambarvatores,
610 1416 739 1493 vestigia
761 1416 860 1475 ahena
880 1426 1066 1495 prementes,

341 1503 456 1565 collini
479 1502 566 1574 Salii,
588 1500 783 1573 Salisubsuli,
814 1511 844 1560 et
866 1502 1028 1575 satiantes,

339 1589 516 1660 Pulsifides,
540 1596 570 1645 et
585 1586 722 1665 talipedi,
745 1586 815 1644 leue
833 1588 1051 1664 persultantes,

339 1673 502 1752 armigeri,
523 1671 700 1749 vigilesque,
724 1672 921 1749 magistrique
946 1672 1146 1745 ominifausti‚

340 1755 438 1819 Matri’
461 1758 617 1835 lugatinue
642 1757 774 1815 latrones
797 1755 887 1832 atque
910 1756 1042 1829 Camilli,

340 1843 471 1921 Augusti
493 1843 533 1900 ad
551 1843 701 1901 sermonis
721 1842 827 1900 adeste
849 1842 1012 1901 faventiam
1031 1841 1175 1916 amicam,

340 1930 380 1989 Et
400 1948 520 2005 semper
539 1928 659 2004 placata
679 1927 827 1986 occurrite
850 1934 952 1985 mente
974 1926 1115 1985 bubulco.

342 2100 379 2157 31
587 2096 709 2155 German
722 2097 887 2159 ,Mimas
911 2095 1032 2171 Captae.

340 2182 527 2260 Magnanimi
547 2181 632 2239 lovis
654 2181 787 2257 unigena
808 2182 911 2255 stirps,
933 2180 995 2239 Dia
1012 2180 1164 2253 Minerva,

339 2267 402 2325 Dia
415 2267 519 2337 beata,
542 2265 643 2338 ferox,
664 2265 838 2340 belliorepa‚
860 2264 1005 2338 Neriene,

340 2352 432 2411 Dicta
453 2350 576 2422 indicta,
598 2350 702 2411 itidem
727 2350 932 2424 celeberrima,
954 2358 985 2410 et
1006 2350 1217 2411 antrioolona:

342 2436 567 2498 Concelebrsns
592 2445 695 2512 ruptas
721 2455 866 2513 seruposa
884 2437 997 2512 palatis
1014 2443 1130 2509 santes,

340 2522 537 2596 Deliciasque
557 2530 635 2594 tuas,
661 2521 803 2582 viridaria
822 2522 970 2581 montium
991 2540 1096 2598 opaea,

340 2609 549 2683 Armipotens,
573 2606 661 2665 furiis
682 2608 779 2684 figens
804 2607 945 2666 mortalia
966 2607 1069 2666 eorda:

342 2693 447 2751 Torvo
467 2693 637 2751 animorum
658 2692 804 2752 exercitio
826 2691 957 2751 Bellona
977 2693 1093 2769 virago.

340 2778 535 2853 Atriparens,
553 2777 689 2836 tedarum
711 2795 833 2852 expers,
854 2775 1120 2854 Gorgonitruoida.

341 2863 390 2922 Tu
411 2862 502 2920 Furia
519 2862 687 2934 infandum,
711 2862 863 2939 sapientia
884 2862 952 2921 sola
972 2863 1135 2935 bonorum,

341 2949 409 3008 Mas
434 2955 464 3004 et
484 2947 596 3006 semina
617 2947 821 3022 Belliparens,
844 2949 1003 3007 industrua
1023 2955 1100 3020 tots,

340 3033 519 3104 Vortumnm
542 3040 632 3108 atque
654 3041 778 3090 exostra
797 3033 898 3107 ferox,
921 3033 1061 3104 fanatica,
1083 3033 1226 3105 honesta,

341 3116 445 3178 Ultrix
467 3116 580 3189 Titani,
599 3116 810 3195 Phlegrensis,
832 3119 957 3194 equiria,
976 3118 1067 3195 volgi.

342 3200 448 3277 Capta,
469 3202 564 3264 melae
586 3220 685 3261 noxae
702 3204 888 3276 Averrunea,
909 3203 1046 3262 Feretrio
1067 3202 1163 3282 virgo.

340 3286 406 3344 Iam
429 3285 509 3358 lucu,
532 3295 634 3359 noctu,
655 3306 797 3364 supremo
819 3289 850 3346 in
869 3297 1005 3364 tempore
1024 3305 1146 3363 quoque

341 3373 451 3430 Annua
472 3371 620 3444 adoranti,
645 3381 675 3431 et
694 3391 802 3449 paoem
825 3374 935 3451 largire
955 3375 1086 3444 beatam,

342 3455 542 3531 Temporibus
564 3457 684 3530 faustis,
703 3459 903 3534 satiatemque
923 3466 1012 3533 atque
1032 3458 1172 3533 salutem,

344 3539 465 3613 Caesia,
490 3547 520 3598 et
539 3542 719 3617 urtiparens,
742 3543 868 3602 multum
889 3544 985 3602 vetita
1007 3541 1144 3602 Camilla.

341 3710 382 3769 ³2
521 3710 617 3768 Divae
642 3713 787 3771 Viotosiae
807 3715 948 3790 suffimen,
967 3732 1085 3772 manua.

324 3795 480 3855 »omnmo
499 3800 530 3852 te
552 3795 688 3856 Victoria
704 3816 776 3874 pos,
798 3798 971 3876 gratissim
991 3817 1104 3870 rerum,
1185 3843 1189 3851 .
