3000 4725
726 630 878 725 „Q

337 789 427 858 Ἐπ’
450 792 517 857 ἀντ’
541 794 681 863 ὀνείδους
702 792 734 857 τ’
757 794 869 879 ἀξίωμ’
895 794 1036 865 ἀναξίων.

344 874 410 941 Ούκ
434 874 502 941 ἔστι
518 877 628 963 κέρδος
651 879 763 962 ζημίας
786 878 889 943 ἄλλων
915 878 999 965 ἀτερ.

341 958 478 1045 Ἐνδεῖγ’
504 964 617 1047 ἀσώτῳ
639 964 753 1045 πολλὰ,
775 965 874 1027 πάντα
895 964 1019 1051 κίμβικι.

344 1044 443 1109 Φύσει
465 1047 612 1131 διάδοχος
633 1047 738 1117 πιστύς
761 1049 852 1127 ἐστιν,
877 1047 913 1111 ού
937 1057 1054 1135 γραφῇ.

343 1126 397 1240 Τηῖ
420 1129 500 1213 μέγα
520 1154 541 1217 φ
564 1137 683 1195 ονοῦντι
701 1135 798 1216 λῆσις,
819 1132 937 1201 ἀδικίας
960 1132 1043 1204 ἄκος.

344 1210 455 1277 Οικτου
479 1156 598 1301 βοηθοῦ
619 1216 753 1299 δεομένη
776 1217 856 1299 δίκη,
878 1219 968 1301 κακή.

344 1297 476 1367 Φύσεως
496 1300 660 1386 ἀποτρίβον
684 1324 711 1363 τι
730 1302 904 1386 φάρμακον,
927 1302 1032 1367 κακύν.

343 1378 380 1445 Τ’
404 1384 500 1446 ἀλλοτ
522 1385 574 1447 ίων
597 1385 737 1468 σύνηθες,
759 1386 857 1468 ἡδονὴ
880 1387 970 1468 κακή.

340 1463 443 1531 Κακαὶ
492 1491 575 1537 υσεις
597 1469 655 1531 οὐκ
677 1470 792 1537 ἐνδεεῖς
814 1470 1013 1534 διδασκάλου.

342 1548 410 1615 Ούκ
432 1492 538 1637 ὀρθὸν,
562 1553 580 1615 ὅ
601 1576 629 1615 τι
649 1554 687 1637 δὴ
707 1555 871 1637 πράττεται
886 1555 984 1617 πίστει
1001 1555 1106 1642 τύχης.

342 1632 385 1699 Τδ
408 1637 520 1721 κράτος
541 1636 616 1700 ἴδιον
639 1637 746 1701 ὄλλυσ’
770 1638 786 1701 ύ
806 1640 1007 1722 προστάσσων
1030 1648 1144 1711 κακῶς.

342 1716 403 1782 Τδν
428 1722 529 1805 ἰατρὸν
552 1721 609 1785 ούκ
630 1719 664 1784 εύ
689 1723 835 1806 διάδοχον
858 1725 873 1785 ὁ
894 1727 993 1786 νοσῶν
1015 1727 1137 1811 γράφει.

338 1800 377 1868 ‘0
404 1807 445 1889 μὴ
470 1807 639 1889 δυνάμενος
661 1804 696 1868 εύ
719 1807 835 1884 θανεῖν,
856 1812 959 1875 κακῶς
982 1807 1052 1891 βιοῖ.

339 1887 408 1952 Ἀεὶ
429 1892 551 1975 βιώσειν
574 1892 768 1974 προσδοκῶν,
788 1897 890 1959 κακῶς
905 1890 976 1975 βιοῖ.

340 1970 447 2057 Χείριυ
471 1974 562 2055 λόγον
587 1975 771 2061 βλάσφημον
794 1975 944 2059 ἑρμηνεύς
964 1982 1056 2041 ποιεῖ.

339 2053 465 2122 Κακοόν
488 2057 612 2121 θέλοντι
633 2058 789 2143 πρόφασις
813 2060 870 2123 οὐκ
890 2060 1073 2125 ἐλλείπεται.

340 2140 434 2205 Ποιεῖ
450 2142 605 2226 πονηροὺς
626 2143 704 2227 ἦθος
725 2144 890 2227 ἀχάριστον
913 2144 1011 2227 θαμά.

334 2224 428 2289 Ἤθει
450 2232 578 2311 πονηρῷ
599 2227 680 2295 σῖτός
700 2227 763 2289 ἐστ’
790 2228 852 2290 ἰδία
875 2228 974 2313 φύσις.

337 2307 476 2394 Ἀνδρῶν
498 2315 639 2393 γυναῖκες
658 2314 827 2396 κρείττονες
848 2313 948 2398 βουλῇ
960 2319 1051 2398 κακῇ.
1117 2363 1120 2369 .

340 2393 466 2477 Βουλῆς
487 2400 584 2478 κακῆς
605 2403 650 2482 πηῖ
669 2395 751 2459 δόντι
773 2401 929 2479 πάγκακον
953 2399 1050 2467 τέλος.

334 2478 377 2543 Ἢ
401 2481 442 2563 μὴ
465 2484 616 2564 τραπῆναι
641 2481 795 2565 δυναμένη
821 2482 931 2568 βουλὴ,
950 2484 1041 2566 κακή.

338 2562 480 2627 Ἔσθλῶν
505 2565 668 2648 ὑποκριτὴς
689 2568 704 2628 ύ
728 2566 823 2633 κακός
844 2567 907 2628 ἐστι
929 2569 1096 2648 πάγκακος.

339 2648 444 2712 Αὑτοῦ
467 2649 498 2731 γ’
523 2649 608 2711 ἕκατι
629 2652 773 2733 χρηστὸς,
798 2650 946 2714 αύδάσθω
971 2651 1074 2718 κακύς.

342 2732 450 2819 Φόβου
468 2732 627 2818 παρόντος,
652 2735 744 2802 ύπνος
767 2734 823 2798 οὐκ
849 2733 915 2819 ἔχει
935 2737 1039 2798 τύπον.

338 2816 513 2881 Ἀπατῶσιν
535 2818 625 2901 ἧττον
650 2821 680 2880 οἱ
700 2818 823 2904 τάχιστ’
844 2819 1038 2902 ἀρνούμενοι.

341 2903 480 2971 Δούλους
503 2903 651 2971 δεδοικώς
672 2903 735 2965 ἐστι
758 2908 817 2966 τῶν
844 2904 964 2966 δούλων
986 2906 1080 2968 κάτω.

337 2984 375 3052 ‘0
399 2990 532 3072 χρηστὸς
556 2989 614 3051 οὐκ
632 2986 691 3069 εἴη,
714 2987 835 3070 λέγοιτο
857 2987 887 3050 δ’
901 2987 947 3050 ἀν
973 2989 1088 3057 ἄθλιος.

334 3072 480 3155 Ἀίηλύς,
504 3073 582 3134 ἐστιν
604 3073 792 3156 ἀθλιωτάτη,
813 3071 902 3157 τύχη.

339 3155 452 3218 Λαλεῖν
473 3156 606 3219 θέλοντα
629 3157 658 3218 σ’
683 3157 740 3219 οὐκ
765 3157 887 3242 έᾷσθαι,
913 3156 1063 3240 σχέτλιον.

339 3237 379 3302 Εἰ
398 3241 449 3302 καὶ
471 3242 566 3324 ἀηδὲς
586 3243 606 3324 ἡ
629 3243 728 3327 τριβὴ,
750 3245 837 3303 ποιεῖ
857 3242 984 3324 σοφούς.

339 3321 406 3405 Πρὸ
426 3330 481 3386 τοῦ
502 3326 610 3387 ποθεῖν
633 3328 683 3388 τὸν
702 3326 846 3401 θάνατον,
870 3325 973 3410 ὄλβιον
993 3325 1109 3391 θανεῖν.

341 3406 451 3471 Θανεῖν
474 3409 589 3491 ἀνάγκη
611 3414 713 3485 πάσιν,
738 3409 806 3472 ούδ>
831 3410 902 3478 ὅταν
924 3410 1030 3492 θέλης.

340 3489 385 3554 Τὸ
401 3491 505 3553 θανεῖν
529 3495 696 3586 φοβεῖσθαι
716 3495 822 3579 χεῖρόν
846 3495 908 3557 ἐστι
933 3500 988 3558 τοῦ
1008 3494 1124 3558 θανεῖν.

341 3573 408 3640 Ούκ
427 3574 522 3660 ἤρεσε
541 3581 685 3641 πολλοῖσι
707 3580 887 3662 πολύγαμος
905 3580 990 3662 γυνή.
1032 3621 1036 3630 -

339 3657 470 3724 Νοούσα
490 3661 640 3744 μουνάίὴ
665 3664 752 3746 γυνὴ,
774 3667 877 3731 κακῶς
901 3669 975 3726 νοεῖ.

339 3742 476 3814 Πολλοῖς
497 3745 628 3821 ἀπειλεῖ,
649 3747 730 3816 ὅστις
748 3747 874 3831 ἠδίκησ’
897 3747 961 3811 ἕνα.

336 3826 537 3918 Ὑβρισμένον
559 3831 594 3895 πθ
616 3828 730 3895 ἄκακον
751 3833 895 3896 ἀλλάττει
915 3831 1015 3917 φύσιν.
