3000 4725
609 606 761 701 *Q

217 773 369 846 Demens,
394 782 544 833 monente
566 781 653 851 patre
676 776 765 848 bene,
790 773 958 851 deprensus
980 787 1036 840 est.

216 857 296 916 Nam
320 859 371 919 sic
391 860 554 918 monebat:
580 858 691 932 Gnate,
716 859 827 919 bellica
845 860 911 921 clue

216 943 335 1001 Virtute
353 943 475 1002 victor:
501 944 588 1001 vince
612 963 678 1002 cum
702 945 771 1005 Deo
794 952 905 1003 tamen.

216 1026 330 1086 Contra
356 1028 419 1086 ille
440 1036 524 1087 torve
543 1029 654 1088 affatur
673 1048 709 1087 sc
733 1028 921 1107 superbiter:

216 1112 241 1173 Ο
265 1114 412 1189 genitor,
434 1114 525 1173 etiam
548 1114 575 1173 si
597 1115 666 1190 quis
689 1125 737 1175 est
758 1115 834 1173 nulli
854 1116 911 1187 rei,

215 1197 337 1257 Virtute
360 1198 469 1257 divdm
493 1198 608 1257 vincet:
636 1207 685 1258 ast
707 1218 763 1277 ego
785 1200 863 1257 hanc
885 1201 977 1270 facul,

214 1281 317 1340 Etiam
341 1284 417 1343 sine
438 1282 500 1342 illis
521 1282 689 1360 indipiscet
708 1285 848 1362 glorium.

214 1367 299 1425 Adeo
325 1370 465 1445 superbe
488 1377 536 1427 est
559 1368 728 1445 eloquutus.
750 1370 893 1446 Denique

215 1450 315 1511 Divae
336 1454 515 1526 Minervae,
535 1454 606 1511 dum
627 1454 766 1513 illumin
789 1454 1008 1515 offertissumos

215 1535 372 1595 Hortstur
396 1538 499 1597 hostes
518 1547 634 1597 vertere
654 1540 798 1599 infestam
817 1559 949 1612 manum,

216 1618 343 1680 Dictum
367 1623 551 1697 obloquutus
573 1643 735 1700 perpetum
758 1632 806 1683 est
829 1632 860 1682 et
878 1625 1046 1702 impotens:

218 1704 243 1764 O
265 1705 353 1780 diva,
384 1706 524 1769 Graecos
544 1716 683 1767 caeteros
705 1728 854 1786 praesens
876 1729 935 1787 ope

218 1789 350 1850 Tutsre:
382 1793 510 1851 namin
531 1812 589 1852 nos
612 1794 696 1851 nulla
718 1797 764 1853 vis
786 1813 905 1871 pugnae
927 1795 1056 1872 ingruet

216 1872 274 1935 His
297 1877 358 1935 ille
382 1878 485 1939 verbis
509 1878 569 1937 sibi
590 1878 677 1937 Deae
698 1879 907 1956 implacabiles

218 1961 340 2020 Ascivit
362 1963 442 2035 iras,
467 1964 587 2022 homine
609 1964 730 2040 spirans
755 1964 856 2023 altius.

219 2041 279 2103 Sed
302 2047 332 2105 si
357 2046 442 2105 diem
463 2050 555 2107 istum
574 2049 706 2107 vescitur
723 2050 800 2107 vita:
824 2047 916 2118 ilicet,

218 2127 293 2189 Eius
315 2133 454 2192 salutem
477 2153 544 2193 curn
567 2134 635 2193 Deo
658 2135 854 2193 confecimus.
884 2132 891 2159 ’

220 2211 307 2274 Haec
330 2236 441 2295 augur.
463 2227 495 2276 at
516 2237 565 2277 me
587 2238 628 2277 ex
650 2220 834 2279 sessimonio
858 2217 959 2277 statim

221 2296 291 2358 Tibi
316 2303 384 2364 ista
402 2302 486 2362 misit
508 2304 711 2381 perferentem
734 2305 841 2366 sedulo

221 2384 372 2448 Mandata
395 2388 523 2449 Teucer.
548 2388 582 2449 Si
603 2409 660 2448 nec
680 2390 787 2451 adsum
810 2389 952 2465 tempori,

221 2466 290 2530 Non
316 2483 448 2551 superat
468 2475 532 2544 ille,
554 2473 671 2550 siquid
695 2477 743 2534 hic
767 2475 896 2534 Calchas
918 2473 1008 2550 sapit.

223 2551 276 2613 (lh.
321 2559 505 2631 Tecmessa,
529 2560 641 2617 misera
660 2561 781 2632 mulier,
805 2558 912 2617 infelix
933 2577 1041 2636 genus,

224 2641 360 2718 Accede,
384 2652 415 2702 et
435 2645 516 2716 audi,
537 2644 640 2719 qualia
660 2646 709 2702 hic
731 2646 825 2703 verba
847 2644 1011 2719 obstrepit:

224 2721 313 2795 Quae
339 2727 484 2807 gaudium
506 2747 596 2788 omne
620 2738 816 2806 expectoraut
835 2728 937 2785 animo
956 2728 1039 2786 mihi.

226 2805 298 2871 Tec.
348 2814 431 2890 Quid
450 2834 499 2872 me
520 2814 672 2872 misellam
688 2814 740 2874 vix
762 2813 967 2890 quiescentem
993 2831 1012 2870 a
1032 2812 1121 2871 malis

225 2892 294 2954 Meo
315 2906 458 2957 recenter
478 2899 616 2958 excitatis
640 2900 678 2956 de
698 2898 799 2959 statu?

225 2974 280 3038 Ch·
330 2984 403 3043 Tibi
427 3003 499 3061 ergo
524 2984 605 3042 dicat
623 2985 697 3044 ista:
723 3003 793 3042 nam
816 3002 865 3040 me
888 2981 925 3040 de
944 2990 996 3040 tuo

225 3062 319 3126 Aiace
344 3088 423 3146 quae
445 3070 590 3142 narravit,
613 3069 790 3128 exanimant
808 3075 900 3126 metu.
1145 3071 1197 3126 790

225 3145 299 3208 Teo.
351 3153 434 3226 Hau,
442 3154 485 3212 mi
495 3154 593 3227 homo,
606 3156 678 3230 quid
690 3155 757 3214 ais?
769 3175 808 3214 an
821 3153 942 3231 penitus
952 3170 1008 3229 ego
1027 3150 1146 3210 occidi?

225 3228 326 3296 Nunc.
349 3238 398 3297 De
420 3247 451 3296 te
471 3239 547 3298 nihil
568 3241 731 3317 promitto:
756 3241 793 3298 de
814 3239 908 3300 Aiace
927 3245 1071 3308 ettamen,

227 3313 261 3376 si
281 3322 452 3382 eliminavit
471 3323 536 3396 ille,
555 3345 618 3382 non
642 3345 763 3402 sperem
786 3326 874 3383 bene.

229 3398 301 3463 Teo.
355 3409 533 3467 Eliminarit
555 3410 582 3468 is
605 3410 738 3486 quidem,
762 3418 795 3468 ut
817 3416 963 3466 metuam:
985 3407 1146 3482 quidest?

226 3483 327 3552 Nunc.
353 3492 472 3552 Includi
492 3501 597 3571 ap'erte
616 3495 708 3554 iussit
726 3495 812 3552 illum
834 3494 914 3554 intra
935 3493 1040 3552 domus
1146 3493 1197 3549 795

229 3568 384 3656 consepta
405 3579 543 3652 Teucer,
554 3599 611 3638 nec
629 3581 714 3638 foras
736 3580 884 3637 amittere.

229 3653 302 3719 Tec.
352 3664 413 3724 Ubi
433 3665 502 3742 ipse
525 3665 664 3723 Teucer?
691 3683 744 3722 cur
764 3664 792 3722 is
814 3664 890 3721 haec
907 3662 984 3721 adeo
1007 3663 1113 3721 iubet?

229 3737 329 3806 Nunc.
351 3749 417 3806 Iam
438 3769 509 3808 mox
529 3749 640 3808 redibit
659 3749 722 3808 ille.
740 3756 892 3807 caeterum
915 3746 1028 3806 exitum

230 3821 369 3892 Hominis
388 3834 427 3891 ad
447 3835 567 3911 aliquod
585 3833 709 3892 tendere
733 3833 857 3892 exitium
880 3841 1024 3892 autumat.
