3000 4725
646 638 796 731 -¹.⁷..

303 807 333 866 O
354 806 428 866 Orci
447 806 536 865 vobis
559 807 597 863 ah
619 807 699 865 male
721 808 762 866 sit
783 807 944 866 tenebras:

258 893 339 950 Tam
364 890 477 949 bellum
500 891 586 951 nobis
608 892 751 969 rapuistis
776 910 934 969 passerem
952 891 1084 967 iniquae.

303 976 333 1037 Ο
354 976 435 1033 male
455 976 583 1035 factumi
608 997 625 1035 o
648 977 689 1035 mi
710 996 828 1053 passer,
850 985 936 1036 atrox
956 977 1114 1035 facinnsl-

258 1064 342 1121 Ecce
363 1069 416 1119 tua
438 1078 550 1119 caussa
571 1069 692 1121 nostrae
715 1062 879 1120 tumefacta
899 1062 1020 1138 puellae

302 1146 496 1223 Turgescunt
518 1146 609 1205 salsis
629 1146 744 1205 lumina
765 1146 941 1206 lacrimulis.

260 1274 290 1332 9.
337 1272 469 1331 Parodic
488 1276 529 1331 od
540 1273 693 1331 Phacelcm
718 1272 827 1331 Catulli
848 1273 905 1350 [t]‚
929 1277 961 1331 in
986 1272 1178 1343 Causidicum,

409 1360 459 1433 qai
479 1358 576 1416 relicto
593 1360 664 1434 soro
685 1361 883 1435 coquinarium
897 1359 1039 1434 faciebat.

259 1444 413 1501 Patronus
435 1442 498 1515 ille,
522 1460 610 1517 quem
635 1443 743 1501 videtis
766 1442 912 1519 hospites,

262 1528 318 1587 Ait
340 1527 437 1585 fuisse
457 1527 593 1605 litigator
612 1529 758 1605 optimus3

261 1612 374 1688 Neque
393 1611 485 1671 ullius
507 1614 652 1671 minantis
674 1614 820 1690 impetum
842 1612 898 1670 fori

261 1696 419 1771 Nequisse
442 1697 586 1772 detinere,
611 1698 676 1756 sive
699 1697 862 1755 crastinum

261 1782 386 1840 luberet
409 1782 566 1858 ampliare,
590 1801 644 1841 scu
665 1782 873 1860 perendinum.

262 1869 303 1926 Et
325 1867 381 1924 hoc
403 1875 494 1944 negat
518 1867 629 1927 feracis
649 1867 831 1943 Aquitaniae

261 1948 388 2028 Negare
407 1971 488 2024 rura,
510 1953 741 2026 Vasconnmque
764 1951 887 2025 limites,

263 2036 403 2097 Cadurca
422 2038 538 2114 iugera,
560 2046 590 2095 et
612 2038 755 2096 Rhutena
777 2055 902 2114 pascua,

250 2122 461 2195 -Lemovices,
483 2130 642 2197 trucesque
665 2120 878 2200 Petregorios:

263 2206 327 2267 Ubi
350 2208 409 2265 iste
430 2215 500 2283 post
522 2216 679 2284 patronus,
702 2216 792 2265 antea
813 2206 870 2264 fuit

263 2293 301 2349 In
325 2291 397 2349 urbe
418 2292 528 2350 scriba.
569 2290 651 2350 Nam
672 2292 837 2351 forensium
856 2291 888 2348 in
910 2308 1001 2368 grege

264 2379 423 2451 Loquente
445 2396 537 2454 saepe
558 2378 737 2454 scriptitavit
757 2379 878 2436 arbitro.

265 2469 405 2522 Amoene
430 2462 553 2535 Tarnis,
577 2471 607 2521 et
628 2462 785 2521 Garumna
806 2461 956 2538 corniger,

266 2547 340 2605 Tibi
361 2547 436 2604 haec
455 2548 551 2606 fuisse
571 2558 601 2606 et
624 2567 692 2606 esse
716 2547 923 2626 cognitissima

160 2695 161 2704 χ
265 2632 322 2691 Ait
340 2640 502 2708 patronus:
524 2633 630 2692 ultima
648 2653 688 2691 ex
711 2634 826 2713 origine

266 2716 344 2776 Tuis
368 2717 464 2776 fuisse
485 2717 585 2776 scriba
605 2718 676 2775 dicit
697 2719 836 2776 urbibus:

266 2801 345 2859 Tuis
367 2810 511 2877 patronus
534 2802 671 2862 adfuisse
688 2803 814 2861 civibus.

265 2888 309 2944 Et
327 2886 397 2944 inde
420 2893 467 2944 tot
485 2907 541 2964 per
562 2889 750 2946 exsecranda
772 2887 907 2963 praemia

267 2970 387 3047 Stipem
410 2971 530 3046 tulisse,
551 2973 649 3045 laeva,
670 2973 736 3031 sive
757 2973 883 3030 dextera

266 3055 399 3116 Sonaret
420 3075 507 3128 aere3
532 3058 596 3116 sive
617 3066 775 3132 utramque
796 3058 933 3134 Iuppiter

265 3140 367 3200 Simul
390 3149 516 3200 sonante
535 3150 674 3220 tangeret
692 3142 834 3217 pecunia:

266 3225 379 3301 Neque
398 3227 462 3284 ulla
483 3234 552 3285 vota
572 3228 774 3304 quaestuariis
799 3227 857 3286 diis

269 3309 338 3370 Sibi
356 3329 425 3369 esse
444 3313 535 3385 facta,
559 3331 626 3370 cum
647 3313 759 3370 rediret
780 3331 798 3368 a
817 3313 880 3370 foro

267 3396 369 3453 Lucro
394 3405 537 3473 gravatus
560 3414 655 3471 usque
677 3397 826 3472 propriam
849 3398 977 3455 domum.

269 3479 334 3540 Sed
357 3481 433 3538 haec
450 3483 534 3557 prius
551 3483 650 3539 fuere:
675 3500 754 3540 nunc
778 3481 892 3540 cibaria
943 3508 947 3518 ·

267 3565 391 3642 Ligurit
409 3575 510 3639 uncta,
537 3585 629 3641 seque
648 3574 804 3624 consecrat
825 3567 880 3625 tibi

270 3648 383 3708 Oulina
405 3651 502 3724 dives,
523 3660 552 3709 et
573 3651 673 3708 culina
689 3650 800 3708 divitis.

582 3778 628 3836 10.
675 3779 758 3836 idem
779 3777 873 3836 aliter.

270 3862 408 3938 Magirus
431 3863 596 3940 illaquam
616 3862 726 3922 videtis
750 3862 899 3937 hospitas,

961 3971 980 4029 2
