3000 4725
696 640 735 699 37

254 804 372 863 Maiore
395 803 485 861 laude
508 804 614 878 vincis,
638 824 673 865 nc
697 826 784 869 suum
804 810 925 869 taudem

254 888 303 947 llli
327 888 503 961 auferendo,
526 890 661 950 vindicas
685 893 750 966 tibi,
772 895 890 954 Vetem.

254 973 335 1032 Nam
356 974 434 1033 bene
450 975 559 1033 mereri
581 976 658 1034 Vete
682 979 718 1036 de
743 996 808 1051 suo,
835 998 924 1056 quem
944 1000 1000 1041 nec

256 1056 390 1120 Servare
413 1059 523 1135 potuit,
546 1059 612 1119 iure
633 1082 694 1121 non
714 1072 820 1139 potest
840 1064 911 1125 ullo.

255 1143 341 1202 Tuus
363 1151 454 1219 poeta
473 1152 520 1203 est
539 1144 631 1222 igitur
651 1148 767 1225 optimo
790 1148 866 1207 inre.

256 1228 346 1302 Quid,
369 1228 451 1303 quod
473 1238 635 1307 vagantum
658 1252 748 1293 nosse
773 1232 910 1293 Siderum
929 1252 1047 1309 cursus,

256 1310 341 1373 Solis
362 1312 495 1387 labores,
521 1316 621 1391 spatia
643 1326 817 1377 menstruae
837 1319 955 1392 Lunae,

254 1399 437 1473 bonumque
456 1417 580 1476 gressus
604 1402 634 1459 in
660 1420 729 1461 suos
749 1403 947 1477 relabentem,

255 1482 385 1560 Indigna
405 1502 465 1541 non
491 1492 537 1543 est
556 1485 641 1564 Rege
663 1488 797 1547 maximo
820 1488 913 1547 cura?

255 1568 360 1627 Testis
384 1566 539 1645 Necepso,
562 1571 613 1646 qui
636 1570 784 1649 Canopici
805 1574 892 1651 regni

255 1653 379 1712 Tenens
402 1653 549 1727 habenas,
571 1664 658 1714 nocte
680 1658 846 1727 consulens
867 1658 995 1731 caelum,

255 1736 460 1814 Quaecunque
481 1738 569 1799 limes
593 1749 676 1799 estre
698 1742 825 1819 signifer
846 1752 955 1819 portat,

254 1822 354 1882 Radio
376 1822 501 1881 notavit.
525 1825 596 1898 qnid
617 1835 754 1887 vetustus
778 1828 912 1887 eiusdem

254 1908 418 1985 Tyrannus
439 1908 537 1981 aulae,
559 1918 664 1985 terque
686 1911 838 1971 maximus
860 1912 924 1971 Nili

253 1992 412 2070 Regnator
432 1992 574 2066 Hermes,
597 1996 648 2070 qui
671 1996 820 2073 logisticis
839 1998 960 2075 punctis

253 2076 388 2154 Collegit
407 2085 504 2147 estra3
526 2079 631 2138 coelici
653 2082 821 2157 penetralis

252 2161 417 2223 Reseravit
438 2164 539 2239 adyta,
562 2165 645 2223 venit
667 2166 705 2223 ad
726 2166 812 2226 Deos
834 2167 931 2243 ipsos,

253 2246 349 2306 Caelo
372 2248 484 2322 potitus
507 2248 550 2307 sic
571 2268 626 2325 per
648 2260 730 2309 astra
748 2250 886 2327 captivo?

254 2331 332 2407 Quid
356 2331 476 2410 priscus
500 2334 599 2409 Atlas,
621 2345 718 2395 rector
737 2336 870 2409 Africae,
889 2337 939 2413 qui
961 2356 1022 2397 non

253 2417 390 2490 Cervice,
412 2437 513 2478 verum
537 2428 636 2478 mente
658 2422 782 2498 pertulit
804 2422 943 2480 caelum?

253 2501 332 2576 Quid
352 2503 417 2575 ille,
437 2523 531 2562 cenae
554 2523 642 2580 quem
666 2507 824 2583 loquentur
844 2516 971 2581 aetates,

252 2591 411 2647 Astrorum
433 2589 584 2664 alumnus,
604 2592 715 2669 pignus
737 2611 859 2650 enreum
879 2592 967 2665 caeli,

253 2671 408 2732 Castellae
428 2691 572 2733 amoenae
597 2675 666 2736 Rex
689 2685 826 2736 vetustus
850 2678 1015 2749 Aliorsum

252 2757 396 2834 Aliiqne,
409 2777 483 2834 quos
508 2779 562 2818 nec
584 2761 810 2836 explicaverim,
833 2761 945 2840 Reges,

253 2841 366 2900 Divina
388 2843 438 2919 qui
458 2845 645 2922 perscripta
666 2847 801 2924 Regibus
824 2847 953 2925 magnis,

253 2928 435 3005 Magnisque
456 2935 568 2986 tantam
589 2929 725 2990 Ducibus
751 2941 893 2990 esserunt
915 2929 1033 2990 estem?

253 3014 311 3071 Ars
333 3013 394 3072 ista
413 3013 468 3086 sio,
487 3013 557 3073 Rex
580 3033 699 3093 magne,
725 3015 862 3094 Regibus
887 3037 943 3075 non
969 3024 1016 3076 est

254 3096 393 3175 Indigna,
418 3117 495 3174 quae
517 3106 560 3156 tot
581 3100 715 3159 vindices
738 3101 829 3159 hebet
851 3101 963 3180 Reges.

255 3179 342 3255 Quod
364 3183 440 3241 siet
462 3183 600 3242 clientem
625 3185 703 3243 huno
723 3186 850 3262 recipis3
874 3207 892 3244 o
914 3194 1020 3262 quater
1040 3185 1126 3260 felix,

255 3263 349 3339 Quem
374 3267 419 3326 sic
439 3276 569 3341 tuentur,
593 3271 783 3346 saeculisque
806 3270 1016 3330 commendant

255 3349 369 3429 Regale
392 3352 533 3426 studium,
557 3361 648 3430 tuque
672 3356 823 3414 maximus
849 3356 975 3434 Regum.

322 3457 453 3524 [omemini
474 3467 560 3508 tamen
574 3475 614 3511 me
632 3461 724 3512 alicubi
737 3463 862 3512 memorie
877 3461 979 3528 lepsnm
996 3477 1062 3513 esse.
1090 3462 1169 3526 lgltnr

320 3541 368 3591 pro
386 3525 431 3578 illo
452 3525 508 3577 Iler
525 3525 669 3579 Celtiberos
690 3530 846 3580 Tarraconis
867 3529 989 3595 disemus
1003 3533 1167 3598 reponendus

321 3596 370 3646 erit
388 3595 431 3646 ille
448 3595 582 3648 casteller
600 3615 721 3648 amoenae
739 3615 787 3648 ree
799 3606 914 3650 vetustte
928 3599 1077 3663 Alterura?
1105 3599 1167 3650 sm·

320 3665 387 3727 liger
415 3666 470 3730 ipse
493 3666 606 3718 merisne
634 3675 698 3718 teste
720 3667 831 3718 Daniele
858 3667 967 3719 Heinsio
991 3671 1020 3720 in
1042 3667 1168 3732 sedigno

320 3732 437 3798 epistolis
455 3749 480 3800 p.
501 3731 574 3800 835]

286 3824 343 3876 Hoc
359 3841 461 3878 carmen
480 3828 623 3892 preellxnm
644 3835 682 3878 eet
699 3827 779 3893 priori
800 3829 906 3880 editioni
923 3826 1033 3880 Manilii.
