3000 4725
718 604 870 699 „ffi-

332 769 382 835 Τα
405 770 558 837 όπλουτας
577 769 654 854 ἀνὴρ
676 769 713 833 οὐ
736 767 850 853 γένοιτ’
875 768 911 833 ἀν
936 768 1045 838 δεξιός.

325 795 443 943 Ὄλβος
466 854 538 918 κεῖθ’
560 854 656 917 αὑτοῦ
676 854 774 939 χρῆμ’
797 853 969 917 ἀσόστατυν
994 853 1096 938 φύσει.

335 939 388 1005 Βα
409 944 460 1003 εῖα
481 944 568 1023 μῆνις
588 937 695 1002 οὐδέν’
717 938 813 1003 εἴωθε
837 941 970 1001 σκοπεῖν.

334 1022 402 1090 Οὐκ
423 1022 485 1089 ἔστ’
510 1022 651 1085 ἀνελθεῖν
672 1022 793 1100 ἐνθάδ’,
814 1022 886 1086 όθεν
911 1020 995 1107 ἔβης,
1019 1022 1109 1106 βαρό.

333 1108 372 1173 T'
392 1107 446 1177 οός
469 1110 623 1192 δημοτῶν,
645 1108 679 1170 τό
700 1108 726 1170 τ’
749 1107 846 1192 όμμα,
871 1108 1022 1190 μάρτυρες
1043 1106 1146 1169 κακοί.

334 1194 453 1262 Φιλους
473 1194 608 1256 ἐπαινεῖν
631 1192 763 1276 φανερὰ,
787 1190 945 1255 νουθετεῖν
967 1190 1080 1275 λάθρα.

331 1275 387 1346 Εἰς
408 1277 480 1349 τοὺς
501 1278 675 1361 φοβοῦντας
699 1279 715 1340 ό
740 1276 840 1361 φόβος
859 1276 1087 1346 ἀναποδῖζεται.

327 1359 436 1430 Ἐλπὶς
460 1360 608 1471 βραβείου
627 1360 700 1429 τοὺς
716 1359 831 1429 πόνους
851 1363 1032 1443 παρηγορεῖ.

333 1444 376 1509 Τδ
399 1451 463 1510 ποῖσ
498 1444 634 1529 ἄφυκτον
657 1443 801 1524 δεδιέναι,
824 1446 902 1529 πρδς
925 1442 1071 1529 ἄφρονος.

326 1528 384 1599 Ὣς
407 1530 535 1606 ἄτοπον,
557 1528 663 1613 ἄρχειν
686 1535 746 1591 τῶν
769 1529 876 1605 πέλας,
899 1529 993 1591 αὑτοῦ
1006 1508 1054 1591 ’δὲ
1076 1528 1138 1611 μήῖ

332 1612 433 1698 Σκευὴ
457 1613 490 1678 δ>
511 1612 645 1679 ὕποπτόν
669 1614 732 1677 ἐστι
754 1618 818 1681 τοῖς
840 1610 1037 1695 ὠνουμένοις.

333 1696 444 1784 Κίμβιξ
467 1703 597 1762 τοσοῦτο
621 1697 696 1761 δεῖτ’
720 1696 815 1782 ἔχων,
839 1698 911 1760 ὅσον
936 1696 992 1759 οὐκ
1012 1694 1106 1781 ἔχων.

334 1780 445 1869 ΚίμβιΕ
467 1784 483 1847 ἓ
504 1783 597 1859 λιτδν,
620 1783 722 1850 δειλδς
742 1781 862 1867 εὐλαβῆ
884 1783 982 1845 καλεῖ.

325 1862 518 1953 Ὕπαισχρος
540 1865 635 1930 ἐνδεῖ
659 1868 725 1950 ἥτις
745 1867 782 1929 ἐκ
804 1866 895 1949 δόξης
916 1864 986 1949 ἔφυ.

332 1948 459 2036 Βουλὴν
479 1955 606 2037 ταχεῖαν
631 1953 804 2034 μετάμελος
826 1951 1016 2035 μετέρχεται.

334 2035 447 2121 Φέριυν
467 2036 603 2100 παλαιὰν
629 2037 725 2122 όβριν,
749 2036 890 2103 ἐκκαλεῖς
912 2034 993 2097 νέαν.

333 2119 452 2184 Ψεκτδν
474 2123 571 2184 πάλαι
597 2121 662 2203 μὲν,
684 2125 736 2182 νόν
758 2121 793 2183 δὲ
816 2119 930 2183 θυιπεῖ
951 2116 1014 2181 ἐστ’
1038 2113 1122 2184 ἔθος.

674 2282 912 2352 ΤΡΟΧΑΙΚΟΙ.

324 2365 424 2435 Ὅσον
448 2370 493 2434 ἑνὶ
510 2372 615 2458 κόβοις
625 2373 747 2457 τρίβων,
760 2371 849 2434 τόσον
865 2369 937 2434 ἔσθ’
953 2373 969 2434 ό
983 2365 1241 2454 κυβευτὴςκακός.

333 2454 469 2519 Δόναται
495 2455 564 2518 οότ>
586 2457 726 2540 ἀνδρεῖος
745 2457 841 2541 όβριν,
865 2454 937 2518 οότε
962 2455 1112 2537 γεννάδας
1135 2452 1242 2539 φέρειν.

335 2539 451 2624 Αἶχρος
471 2543 513 2608 ὡς
534 2540 691 2650 εόσχημόν
715 2541 790 2618 ἐστι,
810 2544 869 2602 τῶν
891 2544 995 2603 καλῶν
1020 2539 1213 2622 ὑπερθανεῖν.

325 2619 432 2692 Ὅστις
452 2623 515 2686 ἐστι
538 2648 638 2710 φοχας
657 2623 772 2700 ἄοικος,
792 2623 882 2692 οὗτός
905 2622 969 2686 ἐστ’
991 2623 1111 2708 ἄταφος
1131 2621 1223 2688 νέκυς.

335 2704 380 2771 Ob
401 2715 553 2792 γυναικῶν
576 2710 778 2793 ἐπιμελεῖται,
799 2710 878 2792 πλὴν
903 2708 1048 2776 δόσελπις
1059 2712 1114 2790 τῆς
1125 2708 1240 2791 σχολῆς·

331 2789 505 2878 Ἐπιτυχὼν
525 2795 639 2901 γνρριυς,
660 2795 757 2878 μάτην
780 2793 889 2861 ποθεῖς
913 2794 1098 2878 ἀνηβάσκειν
1121 2793 1219 2853 πάλιν.

334 2873 387 2962 Τῷ
406 2880 510 2962 κράτει
530 2901 670 2947 συνοικυς
690 2878 766 2963 ἀρχὴ
791 2877 925 2959 σκηπτός
946 2878 1025 2940 ἐστιν
1051 2875 1193 2957 όΕόπληξ.

332 2959 376 3024 Σδ
396 2963 486 3048 χάριν
499 2963 678 3048 εὐτυχοῦντι
687 2964 818 3047 χρήσας,
833 2964 991 3046 δυστυχῶν
1005 2959 1239 3045 ἀπολαμβάνοις.

328 3044 443 3128 Ἀλχος
465 3048 496 3109 ἐν
517 3049 662 3134 βασάνοις
686 3045 812 3131 ἀφωνόν
836 3047 914 3108 ἐστιν
940 3046 1143 3109 ἀθλιώτατον.

277 3184 285 3203 ,
329 3126 398 3192 Ὑπ’
426 3131 642 3194 ἀνυπευθόνου
667 3130 743 3215 μάλ’
766 3130 878 3213 ἀνδρός
902 3131 981 3194 ἐστιν
1002 3131 1018 3192 ὑ
1042 3124 1239 3213 ρι’σθαιβαρό.

327 3209 414 3276 Ἔστι
433 3215 471 3299 δὴ
495 3218 622 3299 μνήμων
646 3217 759 3278 ἑαυτοῦ
783 3217 799 3278 δ
823 3216 920 3276 ἐλεῶν
943 3217 994 3278 τδν
1041 3217 1167 3298 υστυχῆ.

333 3297 484 3383 Δεότερος
507 3302 641 3467 ναυιρχδς
664 3301 720 3363 οὐκ
742 3297 776 3362 εὖ
802 3322 839 3382 τῃ
866 3297 1004 3383 θαλάττῃ
1030 3297 1193 3383 μέμφεται.

328 3378 382 3444 Ἐν
405 3386 513 3451 κακοῖς
533 3384 576 3446 θα
597 3385 659 3468 ῥεῖν
680 3383 718 3447 ἀν
743 3382 791 3466 εἴη
814 3384 894 3465 πλὴν
916 3382 1037 3458 ἀθώυυ,
1062 3379 1199 3465 μηδενός.

329 3462 443 3551 Ὀλβος
461 3464 501 3530 αὖ
526 3469 635 3552 φίλους
659 3467 751 3544 ἔτεξε,
775 3466 921 3550 συμφορὰ
945 3468 976 3529 δ’
998 3467 1165 3551 ἐλέγχεται.

334 3548 439 3633 Θυμὸν
461 3548 585 3632 ἔγκοτον
611 3554 770 3637 δαμάῖων,
794 3551 944 3634 πολέμιον
968 3557 1036 3636 νικᾷ
1058 3551 1162 3635 μέγαν.

331 3631 457 3720 Εὐτυχῆ
480 3637 584 3697 καλῶν
608 3660 652 3712 σε,
675 3637 751 3700 κατὰ
775 3641 831 3699 σοῦ
853 3639 906 3718 τὴν
929 3633 1024 3721 τόχιρν
1046 3635 1116 3720 ἐρεσ
1141 3633 1222 3698 ελεῖς.

333 3715 394 3783 Τδν
419 3719 509 3803 φιλον
533 3720 652 3801 κτήσαῖ
677 3720 713 3783 ἀν
734 3721 849 3805 ἐχθρόν
871 3723 914 3788 ὡς
934 3723 1141 3806 γενησόμενον
1161 3735 1236 3779 ποτε.

331 3801 411 3866 Πάσ’
436 3803 622 3888 ἐπίστροφον
645 3805 778 3890 μεχίστιρ
798 3803 928 3890 κινδόνιρ
951 3807 1154 3890 φυλάσσεται.
