3000 4725
742 600 893 695 Q-

365 764 455 849 ἔργον
481 761 535 847 ἔην
556 765 668 848 κήπου,
690 766 761 850 περὶ
784 766 819 829 δὲ
840 764 1024 913 πραπίδεσσι
1040 760 1168 831 κέκαστο

366 847 481 995 ὄρχους
501 870 549 913 τοι
566 847 707 932 κομίειν,
732 851 785 915 καὶ
810 874 849 917 απ
870 870 969 955 ρματα
991 849 1090 915 πάντα
1114 844 1254 932 βαλέσθαι,

363 955 405 996 κα
438 932 585 1017 κομιδήοι
607 934 641 997 τό
663 937 745 1017 νᾶμα
764 954 962 1019 περικτιονων
987 933 1159 1019 ὀχετεῦσαι.

363 1017 724 1170 χροξὶρφβηλρδνλπρααραῐς,
743 1016 994 1167 πηαρόφδολχλαυηε
1008 1017 1121 1165 osma
1131 1010 1255 1163 ἑτίεφιίκιι,

362 1123 496 1289 κωδείήτ
509 1123 650 1270 1ιέρόρθθτόιν
665 1124 709 1249 οτςε,
728 1124 940 1272 ήέρώνεόμόν,φ
949 1124 999 1270 ήθς
1022 1123 1189 1269 ἐρέβιίθάέό
1308 1202 1309 1239 ³

362 1268 415 1332 καὶ
434 1293 457 1352 μ
478 1291 541 1333 κων
563 1276 604 1354 ψο
629 1275 701 1355 ρήσι
722 1271 924 1356 καρηβαρίαις
942 1268 1130 1351 πολυαλχὴς,

364 1292 521 1436 δαψιλέων
542 1376 575 1417 τε
595 1292 718 1439 τθκμωρ
739 1357 760 1438 ἠ
780 1355 911 1439 θριδάκη
927 1353 1125 1429 εἰλαπινάων,

364 1436 502 1520 όηκῶδές
524 1436 552 1501 τ’
579 1437 630 1501 ἐπὶ
650 1440 756 1523 γαστρί
776 1438 962 1522 κοϊσκομένη
984 1435 1164 1519 κολοκύντη.

361 1526 407 1606 τῷ
428 1522 522 1607 κιήτη
544 1523 583 1587 τὰ
605 1524 659 1606 μὲν
683 1522 720 1586 οὔ
738 1524 797 1603 (τίς
817 1524 874 1607 γὰρ
898 1521 1106 1607 ἀφελέστερος
1128 1520 1242 1599 αὐτοῦς)

363 1607 467 1669 λαοῖσι
492 1606 527 1671 δέ
547 1606 682 1691 τεθήλει.
703 1606 767 1690 ὅγ’
790 1605 994 1693 ἐμπρόθεσμα
1015 1605 1142 1669 πόλινδε

362 1689 454 1755 ὤνιον
478 1689 665 1775 ἐμπεράμιον
689 1693 833 1777 λαχάνων
855 1691 989 1775 κώμυθα
1010 1688 1170 1774 φέρεοκεν.

362 1770 439 1836 ἔνθα
461 1773 588 1857 δόμονδ’
613 1775 792 1861 άπόφορτος
817 1776 914 1859 ἀνήϊε,
932 1774 1062 1858 κέρματι
1082 1772 1206 1859 βρίθων,

364 1857 446 1941 μηδὲ
467 1861 688 1942 κρεωπωλείου
712 1860 842 1943 ἐδητύος
861 1860 1073 1946 ἀντιβολήσας.

360 1939 533 2026 κρόμμυον,
552 1944 610 2049 η’δέ
631 1945 762 2028 πράσοιο
785 1945 992 2029 περισχίστοιο
1016 1942 1118 2024 ἀλωὴ,
1183 1947 1187 1958 ’

362 2026 448 2109 ῥῖνας
468 2025 675 2113 ἐπιστυφοντα
697 2052 730 2093 τε
751 2029 897 2112 κάρδαμα
918 2028 1007 2111 λιμδν
1030 2025 1158 2105 ἄλαλκε,

346 2110 515 2181 ,εἱλίποδες
535 2116 699 2197 κιχορεῖαι,
721 2112 865 2195 ἐόίωμόν
888 2135 921 2176 τε
941 2112 1081 2196 θοραῖον.

359 2194 510 2341 ἶίίτίῖί
524 2196 796 2344 ίρίίίίίιλῗῖρι
812 2196 904 2345 θδῖἷ
924 2196 1083 2343 ίθίίῗὲ
1102 2194 1235 2343 ίίπδλ.

360 2361 475 2446 γηόθεν
499 2300 713 2449 αρύτοκόρίοισιν
736 2304 796 2449 ἄηθ’
819 2304 1005 2448 αίηλίθεασιν
1023 2300 1183 2446 Ιόίποσποζίέη

360 2447 413 2509 καὶ
434 2446 469 2532 βο
492 2447 526 2511 ’ν
544 2449 691 2534 χλοερὴν,
714 2450 920 2558 βραχύφυλλα
941 2471 975 2512 τε
996 2451 1082 2512 τῖλλε
1103 2447 1215 2523 σέλινα,

360 2530 414 2594 καὶ
433 2553 470 2593 κο
505 2555 580 2597 αννα
601 2533 731 2618 κρόκηαι
755 2556 890 2619 κατηρεα
909 2533 1108 2616 λεπταλέησι.

359 2614 412 2678 καί
433 2554 503 2680 τάθ)
526 2617 738 2701 ἀμερξάμενος
757 2642 815 2705 περ
838 2619 885 2682 ἐπ’
910 2615 1080 2702 ἐσχαρόφιν
1105 2616 1240 2698 ἐκάθητο.

361 2699 484 2781 δμωΐδα
507 2700 540 2764 δ’
563 2702 685 2774 αἰτίζων
707 2703 839 2787 εὐεργέα
860 2703 956 2786 όλμον
982 2703 1078 2766 ἀϋτεῖ.

360 2783 453 2861 dvj&
474 2789 607 2870 χιτῶνας
630 2786 741 2872 ἄτερθε
762 2786 980 2872 πολυπτυχέας
1004 2785 1140 2870 ἀπόερσε

361 2870 471 2952 φλοιὸν
494 2869 664 2978 ἀνιέμενος,
687 2872 748 2936 ἀπδ
773 2873 808 2935 δὲ
829 2871 923 2956 βόπον
945 2872 1003 2954 ήκε
1023 2871 1146 2954 χαμάζε

358 2953 510 3032 κωδειῶν,
533 2957 649 3041 βολβου
668 2978 701 3018 τε
722 2958 799 3042 κεβλ
820 2955 923 3039 γονίην
945 2957 1063 3039 ἐδίηνεν

360 3036 454 3100 ὅδασ’
480 3037 512 3101 ἐν
536 3041 687 3123 άχρόνστει
712 2979 887 3124 είλημένου,
910 3040 941 3104 ἐν
966 3040 995 3103 δ’
1021 3036 1137 3123 ἐφέηκε

359 3120 477 3184 λάκτιδι
495 3124 603 3208 λαϊνέη
626 3123 779 3208 χόνδρους
806 3125 882 3194 ἁλός
907 3123 1025 3208 ἄμμιγα
1047 3123 1185 3187 πάσσων.

360 3203 400 3264 ἐν.
416 3206 444 3267 δ’
467 3204 529 3290 ἄρα
548 3209 750 3293 τυρυτάριχον
775 3207 855 3291 όμοῦ
880 3210 1022 3294 βοτάναις
1045 3206 1179 3289 ἐπίηλεν,

358 3288 434 3370 λαιῇ
457 3294 581 3374 σπεῖρον
603 3294 684 3359 ἐλὼν
709 3294 868 3379 βουβῶνος
889 3293 964 3377 ὑπὲρ
989 3291 1120 3356 λασίοιο.

360 3371 494 3457 δεξιτερὴ
517 3374 545 3438 δ’
571 3376 675 3462 ὑπέρῳ
698 3375 856 3462 σκορόδων
878 3375 970 3460 μένος
992 3376 1086 3461 ἁδρδν
1109 3373 1216 3457 ἀλήθει

359 3454 524 3541 ἀμφόρδην
547 3462 723 3543 μιχάδεσσιν
742 3461 955 3546 ἐπιψώχοντος
978 3463 1090 3525 δποῗσι.

357 3544 451 3623 χεῖρα
471 3540 501 3606 δ’
526 3543 792 3631 ἐπιστρωφῶντος,
813 3546 864 3609 ἐδν
889 3544 981 3628 μένος
1003 3545 1055 3616 ὀξὺ
1078 3543 1202 3608 λέλοιπε

357 3623 446 3688 πάντ’
470 3625 590 3709 ἄμυδις,
612 3629 667 3712 μία
689 3629 718 3694 δ’
740 3630 775 3692 ἐκ
793 3632 917 3693 πολλῶν
938 3629 1108 3713 ἐπενήνοθε
1150 3626 1223 3712 ροιή,

358 3705 395 3770 οίι
416 3709 491 3792 μάλ’
514 3710 708 3796 δλόχλωρον,
733 3711 867 3799 θρόμβοι
889 3714 917 3776 δ’
941 3713 1020 3798 ἦσαν
1040 3716 1223 3796 γλαχοεντες,

358 3790 395 3854 οὔ
418 3793 593 3877 γλαγόεοοα
616 3797 651 3860 δέ
672 3800 811 3880 πάμπαν,
838 3798 904 3862 ἐπεὶ
924 3798 1021 3885 χλόος
1041 3796 1228 3883 ἀμφιδεδήει·
