3000 4725
788 610 828 670 96

348 778 447 863 ridde,
469 777 551 853 quod
571 778 719 855 ingenuae
742 781 852 839 mentis
875 800 938 838 non
961 780 1068 838 ultima
1089 802 1193 843 mores

391 864 475 921 Inter
494 864 631 923 sinceros
655 867 788 938 praemia
810 866 924 924 eander
945 866 1044 924 habet

351 948 475 1020 Contra,
499 948 634 1006 mordaci
655 967 824 1025 quenquam
846 950 1028 1027 distringere
1049 951 1153 1029 lingue

392 1033 453 1092 Est·
471 1033 563 1091 animi
586 1034 672 1111 nigro
695 1034 768 1093 felle
789 1035 938 1093 madentis
961 1054 1049 1111 opus.

243 1192 245 1200 Α
349 1116 444 1177 Nullo
465 1118 620 1177 venenatis
643 1118 758 1178 salibus
779 1120 834 1178 tibi
855 1121 964 1197 pagina
986 1121 1080 1178 tincta
1104 1129 1162 1194 est,

392 1202 461 1261 Neo
481 1203 565 1261 dedit
582 1204 711 1263 infames
731 1205 836 1281 lingua
856 1212 997 1280 proterva
1015 1206 1114 1265 iocos.

350 1286 429 1360 Nee,
451 1307 596 1362 quaeres
617 1308 693 1347 aevo
714 1310 778 1348 non
801 1297 849 1348 est
870 1290 1024 1366 incognite
1048 1300 1189 1364 nostro,

396 1372 553 1433 Strinxisti
581 1374 612 1430 in
637 1373 773 1432 celebres
795 1374 887 1449 impia
910 1375 1002 1432 verba
1019 1374 1114 1434 viros.

350 1460 420 1517 Iure
442 1458 533 1535 igitur
551 1458 714 1531 querimur,
736 1466 766 1516 te
786 1459 851 1516 iure
872 1459 1010 1517 dolemus
1029 1460 1212 1540 ademptum,

396 1544 504 1603 Omnis
527 1552 556 1601 et
576 1543 608 1600 in
629 1550 744 1617 partem
767 1545 854 1602 turbu
873 1543 988 1602 doloris
1009 1545 1106 1619 adest,

350 1630 391 1690 Et
410 1629 517 1689 miscet
538 1628 678 1704 gemitus,
702 1637 732 1687 et
758 1630 849 1686 verbe
866 1630 1022 1702 querentie
1041 1630 1152 1706 fundit,

393 1714 456 1772 Pro
479 1722 581 1775 tamen
607 1720 711 1787 erepto
734 1733 797 1772 non
822 1713 950 1771 valitura
972 1714 1049 1772 viro.
1109 1777 1111 1782 y

352 1800 413 1860 Hei
434 1798 507 1855 mihi
531 1802 620 1871 quarn
642 1797 735 1855 celeri
758 1806 860 1856 verset
877 1798 942 1856 fors
966 1799 1068 1856 omnia
1086 1799 1185 1875 lapsu,

394 1883 492 1957 Quam
514 1882 618 1957 rapido
644 1884 760 1941 subitas
781 1883 890 1940 alterat
911 1884 986 1941 orbe
1007 1884 1099 1944 vices.

350 1971 395 2042 Is,
417 1968 509 2026 modo
532 1986 621 2041 quem
642 1968 773 2026 validum
800 1968 906 2025 faciles
929 1968 1060 2040 vidistis,
1082 1970 1183 2044 amici,

393 2055 434 2111 Et
457 2052 505 2109 eui
527 2071 583 2110 neo
608 2052 716 2111 dubius
738 2053 870 2111 tinxerat
889 2071 943 2111 ora
966 2052 1063 2125 solor,

351 2140 442 2200 Hunc
464 2137 589 2211 inopina
611 2138 713 2196 brevis
736 2137 815 2213 rupit
834 2137 1027 2195 inelementia
1045 2139 1156 2211 morbi,

394 2227 494 2297 Atque
517 2229 574 2294 est,
598 2223 679 2295 quod
700 2222 813 2280 feretro
833 2222 919 2281 triste
939 2222 1056 2279 levatur
1078 2242 1167 2282 onus.

352 2309 380 2370 Ο
401 2306 519 2367 festina·
534 2306 611 2379 dies,
634 2326 651 2366 ο
678 2326 778 2366 rerum
799 2307 932 2367 lubricus
956 2307 1042 2366 ordo.

395 2393 423 2453 Ο
448 2393 574 2450 nimium
599 2412 729 2467 propero
752 2412 836 2453 mors
859 2391 988 2451 celerata
1009 2393 1115 2470 gredo.

351 2482 402 2539 Me
421 2479 577 2549 miserum,
598 2497 657 2552 quo
680 2497 738 2538 nos
761 2497 914 2552 nunquam
937 2478 1068 2535 rediture
1089 2479 1243 2556 relinquis.

393 2563 462 2622 Nec
485 2581 585 2638 prece,
604 2563 706 2621 votive
725 2582 782 2620 nee
802 2563 991 2621 revocandus
1018 2564 1097 2638 ope?

352 2649 398 2708 Te
419 2649 551 2706 retinent
571 2647 667 2705 civem
691 2649 813 2724 cognati
834 2647 936 2706 sidera
957 2646 1043 2719 caeli,

394 2734 435 2793 Et
457 2753 518 2791 non
539 2733 705 2791 turbandae
727 2733 810 2808 pacis
833 2732 929 2790 amieo
947 2733 1044 2806 quies.

351 2822 420 2881 Nos
445 2820 535 2876 habet
555 2818 587 2876 in
609 2819 710 2876 varios
730 2837 830 2876 rerum
854 2817 991 2875 districta
1012 2816 1168 2892 tumultus,

392 2905 489 2978 Inque
512 2903 657 2961 catenatis
682 2904 744 2962 vitu
765 2902 911 2960 trahenda
930 2902 1031 2959 malis.
1074 2914 1076 2918 ’
1125 2912 1128 2919 “

351 2989 413 3048 Hie
432 2990 484 3046 ubi
506 3007 562 3046 nee
579 2988 711 3062 requies,
735 3007 793 3044 nee
811 3006 888 3062 quae
904 2986 964 3046 sibi
977 2986 1106 3061 quisque
1118 2993 1261 3060 precetur,

396 3073 611 3148 Solliciteeque
631 3072 734 3130 levant
755 3072 818 3130 otia
837 3072 948 3129 mentis
971 3089 1059 3129 onus.

354 3158 426 3218 Otia
447 3158 602 3216 Pieridum
626 3157 720 3216 sacris
743 3158 918 3215 secessibus
941 3165 1020 3231 apte,
1057 3179 1060 3184 ·

397 3243 468 3303 Otia
490 3243 663 3301 numinibus
683 3261 804 3317 semper
823 3249 922 3298 emata
942 3241 1012 3299 tuis.

352 3327 414 3386 Pro
437 3329 545 3401 quibus
568 3329 676 3386 insano
696 3328 826 3384 reboant
847 3325 1004 3385 molimine
1024 3324 1109 3396 lites,

396 3412 437 3471 Et
459 3412 574 3471 elamor
596 3412 723 3487 streperi
746 3419 834 3471 natus
854 3412 893 3468 ad
913 3429 996 3467 arma
1016 3408 1092 3468 foria

354 3497 413 3572 Qui
436 3497 541 3570 procul
563 3498 700 3555 Aonidas
722 3496 879 3554 hominurn
905 3496 942 3552 de
965 3502 1065 3552 mente
1088 3492 1203 3570 fugavit

396 3581 554 3640 Instillans
572 3580 649 3639 lueri
670 3581 781 3639 blanda
800 3600 918 3639 venena
937 3580 999 3638 suit
1024 3626 1026 3631 .

353 3667 559 3745 Ingenuisque
576 3666 685 3724 animis
704 3667 829 3744 ignavas
851 3665 956 3725 obiicit
972 3672 1064 3736 artes,

399 3751 499 3827 Seque
523 3769 635 3809 vocans
659 3752 783 3811 humilis
807 3751 939 3808 earmina
965 3749 1075 3808 mentis
1096 3765 1184 3822 opus.

275 3898 278 3906 ,
354 3837 436 3896 Hinc
458 3836 583 3913 spinosa
601 3836 664 3896 suis
688 3844 803 3894 armatu
823 3835 997 3912 Sophistieu
1018 3832 1107 3910 nugis
