3000 4725
650 615 803 710 „ffl-

280 777 358 850 1‚51.
380 777 1183 866 ὠμοβόροισιλέοοάούχῆρμοσεπλήνμέγαςζαύχήν.

313 862 394 924 τίπτε
416 865 649 932 καταπτώσσεις
666 870 774 942 ταῦτα,
796 866 913 946 λαγωὶ,
935 866 1034 947 δάκης

275 943 294 1028 ἦ
318 944 344 1028 δ’
367 948 431 1011 ἀπὸ
451 953 511 1010 τῶν
535 947 656 1031 ταύρων
680 947 729 1012 ἐπὶ
750 953 806 1011 σοῦ
830 949 998 1032 δποβάντες
1017 948 1118 1013 ἕλοιεν

312 1032 431 1106 κλάσαι,
454 1032 508 1112 τὴν
531 1031 636 1100 ὄσσοις
655 1032 714 1118 ούχ
736 1032 863 1115 όρόωσι,
886 1032 994 1117 δέρην;

274 1116 407 1196 γενναίου
430 1114 569 1178 ἀπόελπε
591 1115 688 1200 μόρου
712 1116 814 1185 κλέος·
836 1116 872 1179 οὐ
896 1117 1026 1180 δύνασαι
1046 1116 1106 1200 γὰρ

312 1199 422 1263 τούτου
443 1199 493 1262 ὑπ’
517 1201 684 1264 ἀντιπάλου
707 1203 789 1265 λιτδν
812 1201 894 1285 ἕλωρ
916 1200 1051 1264 θανέειν.

276 1369 357 1442 1,60.
381 1369 477 1430 εἶκαὶ
499 1369 618 1452 χάσμα,
642 1372 755 1452 λαγὼς,
779 1367 927 1436 εἰσδύνεις
949 1367 1024 1451 εύρύ
1048 1367 1182 1447 λέοντος,

310 1451 370 1536 ήδη
392 1453 409 1515 ό
431 1452 492 1536 θὴρ
515 1453 618 1516 δοκέει
637 1456 670 1517 τδ
695 1451 786 1536 στόμ>
807 1451 923 1536 ἔρημον
948 1450 1041 1536 ἔχειν.

274 1536 314 1604 εἰς
331 1537 389 1599 τίν’
403 1536 539 1620 ,ὀρούσει
560 1543 662 1614 νῶτα;
684 1539 773 1601 τίνων
797 1537 990 1620 ἐπιδράξεται
1013 1536 1107 1619 ὤμων
1118 1560 1128 1613 ;

311 1624 371 1684 πού
394 1621 491 1706 βάθος
512 1622 544 1689 ἐς
564 1622 685 1707 ταύρων
711 1623 803 1708 βάψει
826 1621 954 1689 ὀδόντας
975 1620 1089 1696 όλους;

272 1703 352 1768 τίπτε
375 1706 472 1790 μάτην
498 1706 635 1775 σκύλλεις
659 1707 782 1790 δρυμῶν
804 1704 948 1789 πρύτανιν
974 1705 1026 1767 καὶ
1048 1702 1183 1781 ἄνακτας

310 1787 392 1873 θήρα
416 1789 474 1873 γὰρ
499 1790 555 1854 οὐκ
581 1789 675 1857 ἄλλον
700 1789 854 1876 βόσκεται,
875 1791 896 1874 ἢ
917 1790 1047 1871 λογάδα.

274 1958 298 2032 1,
309 1960 376 2020 104.
398 1959 463 2042 Τήν
489 1958 617 2042 ζεύγλην
641 1959 687 2024 ότι
708 1960 736 2022 δ’
774 1958 864 2044 φέρει
882 1956 1030 2042 τραχήλῳ

353 2049 461 2128 στικτιγῑ
483 2044 646 2124 πάρδαλις,
667 1984 789 2128 ἀγρότις
813 2066 846 2106 τε
865 2045 958 2124 τῖγρις

309 2205 313 2213 γ
348 2127 440 2211 θυμῷ
460 2129 589 2210 τλήμονι
612 2129 765 2212 μαστίγων
790 2125 908 2201 ἀκούει,

351 2210 387 2272 τὰ
406 2211 529 2295 χρύσει’
553 2210 671 2297 ἔλαφος
692 2212 806 2298 χαλινὰ
829 2212 944 2286 δάκνει,

352 2298 445 2381 φιμδς
466 2298 519 2359 τὸν
544 2297 637 2382 Λίβυν
659 2296 769 2382 ἄρκτον
793 2295 933 2371 οἰακίζει,

351 2380 414 2443 οῖον
439 2381 492 2463 τὴν
513 2378 690 2446 Καλυδῶνα
713 2381 791 2467 φάτ’
813 2382 945 2462 ἐνεγκεῖν
1058 2415 1061 2419 ·

349 2466 627 2633 αρ’δπερχςήπείδετριι
647 2465 830 2573 εύσρρόφοιγ
850 2465 1024 2567 λεπάδνοις,

352 2570 367 2609 ε
518 2572 551 2613 τε
594 2573 666 2614 ισων
691 2575 707 2613 ο
733 2573 769 2614 ου
809 2572 905 2613 αινει

351 2572 497 2717 εύπέύθήέ
517 2634 548 2697 τ’
573 2552 691 2717 ἐλέφας
710 2572 806 2718 όγρύλς
823 2574 951 2780 γήσρείας

350 2721 477 2780 κινεῖται
498 2719 576 2783 κατὰ
596 2720 649 2801 τήν
672 2719 811 2784 κέλευσιν
829 2720 836 2743 ’
854 2719 944 2780 νδοό·

350 2802 394 2870 τίς
416 2804 504 2865 ταῦτ’
530 2803 566 2865 ού
589 2804 694 2867 δοκέοι
715 2803 823 2886 θέαμα
846 2802 932 2864 θεῖον
940 2824 949 2875 ;

347 2891 407 2949 τῶν
432 2884 464 2947 δ’
490 2891 533 2956 ὡς
552 2887 719 2951 οὐτιδανῶν
742 2884 957 2971 κατεφρόνησε
1017 2931 1021 2937 -

346 2970 450 3039 τιτθὰς
476 2971 557 3041 ὅστις
579 2969 642 3035 ἴδεν
665 2970 790 3040 λέοντος
806 2970 911 3054 ἄγρας,

349 3053 382 3116 ὃν
405 3056 593 3119 πτώσσουσα
618 3056 699 3141 φυγὴ
721 3058 823 3138 λαγῶν
846 3054 967 3136 ἐγείρει,

350 3139 391 3201 ὧν
409 3138 470 3247 θήρ
494 3141 628 3224 δράττετ’
654 3142 755 3224 ἀφείς,
780 3142 867 3224 φιλεῖ
885 3139 921 3201 θ’
945 3135 1084 3205 ἁλόντας.

346 3226 410 3291 τοῖς
433 3224 448 3285 δ
487 3222 550 3287 ἐστὶ
575 3224 689 3293 σκέπας
712 3225 852 3310 ἀσφαλὲς
872 3224 906 3286 τὸ
930 3223 1049 3306 χάσμα,

351 3306 396 3376 οἷς
416 3309 527 3391 λευρὸν
549 3308 658 3392 γένυος
680 3310 770 3377 κύτος
794 3310 917 3389 διοίγων

345 3392 458 3475 χαίρει,
479 3393 683 3477 φειδομένους
705 3396 812 3479 χαλῶν
837 3392 974 3469 ὀδόντας,

345 3475 445 3560 θήρην
469 3476 635 3559 αἰδόμενος
655 3479 766 3563 μικρὴν
789 3480 968 3560 σπαράττειν

344 3565 405 3623 τῶν
428 3560 550 3645 ταύρων
575 3561 723 3646 στορέσας
742 3563 780 3625 τὰ
803 3562 925 3645 σώματ’
949 3560 1025 3645 ἄρτι.

341 3642 437 3729 τέχνη
462 3645 516 3726 μὲν
536 3645 608 3709 τόδε
629 3651 727 3729 πρᾶον
751 3647 787 3709 οό
812 3648 941 3730 πορίζει.

343 3726 417 3791 ἄλλ’
442 3728 478 3791 ού
500 3730 614 3798 δοῦλος
636 3729 709 3815 ἔφυ,
733 3730 814 3793 λέων
841 3736 963 3815 συνῆκε.
