3000 4725
614 633 767 729 *ffl-

511 794 550 861 Ei
568 798 622 861 καὶ
640 802 692 861 νῦν
713 797 806 879 uultui
832 818 876 862 cc.
1053 802 1148 880 (Cli)

238 883 381 957 Quemvis
400 903 480 945 cene
502 893 587 945 ames
607 887 668 945 iem
691 894 722 945 tc
743 884 897 961 tepefecit,
922 896 953 944 et
973 887 1005 947 iu
1025 896 1055 947 te

274 969 332 1027 llle
353 968 517 1047 Cupidinei
539 990 643 1030 mucro
666 970 780 1030 furoris
801 970 906 1029 hebet:

237 1052 395 1113 Debueras
415 1056 558 1115 iuvenum
581 1075 669 1115 cures
693 1056 902 1127 miserescere,
926 1074 1031 1115 eorum

273 1139 430 1217 Expertus
453 1142 537 1200 noris
561 1160 639 1214 cum,
660 1138 816 1210 Oleobule,
839 1139 940 1211 facee,

235 1221 298 1281 Nec
318 1243 414 1301 super
430 1226 564 1285 assuetis
583 1225 769 1285 stomachari
787 1224 893 1297 rebus,
914 1226 1076 1285 honestum

273 1308 435 1369 Focminei
457 1310 567 1386 cepitis
587 1330 645 1369 nec
663 1309 813 1387 populere
836 1309 938 1369 decus.

235 1392 312 1470 llrgo
331 1403 490 1455 momento
513 1414 594 1454 nunc
615 1396 661 1453 illi
682 1414 789 1455 versus
813 1394 845 1451 in
865 1395 982 1455 hostem
1005 1413 1050 1467 cs,

273 1476 358 1551 Quae
379 1488 410 1537 te
432 1480 505 1539 olim
528 1481 628 1556 potuit
649 1481 746 1557 petris
766 1480 879 1538 hebere
901 1479 974 1538 loco.

561 1643 667 1729 Μέχρι
688 1644 778 1711 τίνος.
1051 1648 1147 1725 ζ(32)

236 1726 393 1802 Quatenus
414 1732 484 1805 hoc,
509 1733 598 1791 uobis
621 1741 655 1789 ut
673 1728 855 1790 suffuremur
877 1731 1001 1805 ocellos,

273 1814 360 1874 Alter
384 1825 414 1874 et
433 1816 559 1876 ulterius
580 1817 698 1875 luminu
721 1824 833 1887 servet,
858 1816 934 1875 erit?

236 1895 311 1957 Cura
330 1902 458 1960 fatenda
480 1901 581 1976 palum
602 1911 658 1961 est.
679 1900 714 1962 Si
733 1901 801 1977 quis
814 1910 915 1959 temen
927 1901 1023 1961 hostis
1037 1902 1147 1961 amoris

273 1986 334 2043 Aut
354 1987 446 2068 dicto,
469 1994 522 2045 eut
540 1987 623 2054 fecto
644 1988 706 2045 vim
727 1993 817 2063 paret
838 1994 929 2062 etque
948 1986 1063 2058 dolum,
1155 2014 1158 2021 ¹

235 2066 313 2128 Ense
331 2070 425 2131 mulis
444 2072 561 2131 uostris
583 2072 748 2130 medemur.
773 2068 897 2131 Scilicet
918 2090 980 2129 une

274 2152 408 2215 Suavius
431 2166 480 2220 eut
501 2157 590 2215 uobis
614 2159 726 2230 virere,
751 2155 886 2232 itemque
903 2157 1001 2229 mori,

506 2318 549 2384 Εἴ
565 2342 642 2384 ποτε
664 2321 718 2404 μὲν
741 2320 880 2405 κιθάρης.
1051 2327 1147 2406 (wc)

236 2403 352 2469 Plectra
374 2430 496 2488 gerens,
519 2411 652 2468 citherae
669 2410 769 2487 tetigit
792 2411 818 2469 si
837 2411 890 2469 fila
913 2431 1062 2486 canorae3

273 2494 406 2553 Aemula
427 2495 649 2573 Terpsichores
670 2513 741 2554 orec
764 2496 846 2554 cauit
863 2498 984 2557 fidibus.

237 2572 614 2658 Grundiloquum-tregico
633 2598 738 2638 vocem
759 2581 785 2640 ei
803 2583 915 2657 rumpit
936 2583 1035 2654 hiatu3

273 2663 485 2742 Melpomenes
507 2666 632 2723 bombos
654 2665 795 2740 exprimit
818 2686 871 2724 ore
893 2668 987 2744 graui.

237 2740 268 2803 si
288 2759 375 2809 mota
394 2760 443 2810 cst
462 2751 580 2808 formae
602 2749 641 2807 lis
664 2749 702 2806 de
724 2751 905 2821 certamine3
932 2753 1041 2810 victam

275 2831 411 2912 Cypride
431 2834 478 2894 vel
498 2835 593 2893 iudex
613 2835 724 2892 dixerit
744 2835 811 2910 ipse
833 2835 931 2894 Puris.

238 2910 293 2974 Sed
313 2920 424 2979 melius
446 2928 576 2992 taceam,
598 2938 637 2977 ne
653 2919 792 2978 Bacchus
814 2920 960 2993 inaudiut,
983 2939 1018 2978 ec
1035 2941 1072 2979 ue

275 3000 460 3064 Concubitus
480 3005 592 3063 furieut
613 3005 702 3075 hunc,
727 3004 871 3078 Ariadna,
889 3006 943 3063 tui.

662 3091 721 3147 vel:

275 3169 395 3232 Rursus
417 3173 589 3234 Ariedueos
613 3182 739 3252 expetat
757 3173 810 3232 ille
827 3175 942 3233 thoros.

600 3341 769 3424 Φωσφόρε.
1051 3347 1145 3425 ml)

239 3415 331 3485 Parce
354 3424 532 3504 Cupidineo,
552 3448 607 3487 uec
629 3437 659 3486 te
682 3429 793 3487 vicinia
814 3430 920 3488 Martis
945 3462 947 3468 ¹
1028 3459 1031 3466 ·

276 3509 362 3569 Micia
383 3512 529 3572 dedocent
550 3523 684 3589 pectora,
705 3533 796 3588 perce
820 3533 914 3574 sacro.

240 3588 332 3668 Alone
344 3605 378 3654 ut
386 3600 468 3675 apud
479 3598 655 3676 Olymeuem
670 3599 996 3660 servausPheethonte
1006 3600 1145 3660 decorum

279 3677 393 3741 Cursor
416 3685 454 3742 ub
474 3693 593 3758 exortu,
612 3684 806 3760 Phosphoro,
824 3685 925 3745 lentus
948 3705 1031 3746 erar:

241 3753 297 3836 Sic,
318 3767 391 3825 mihi
414 3787 493 3844 quae
513 3770 622 3847 cupido
645 3769 696 3827 vix
719 3787 753 3828 sc
775 3769 873 3844 offert,
891 3779 977 3830 noete
1000 3772 1055 3830 sub
1074 3771 1144 3843 istu,

278 3846 318 3908 Ut
339 3853 395 3911 sub
414 3851 597 3928 Cimmeriis,
619 3855 700 3913 lente
720 3873 848 3931 morere,
869 3875 986 3934 precor.
