<?xml version="1.0" encoding="UTF-8"?>
<!DOCTYPE html PUBLIC "-//W3C//DTD XHTML 1.0 Transitional//EN"
    "http://www.w3.org/TR/xhtml1/DTD/xhtml1-transitional.dtd">
<html xmlns="http://www.w3.org/1999/xhtml" xml:lang="en" lang="en">
 <head>
  <title>
</title>
<meta http-equiv="Content-Type" content="text/html;charset=utf-8" />
  <meta name='ocr-system' content='tesseract 3.04.00' />
  <meta name='ocr-capabilities' content='ocr_page ocr_carea ocr_par ocr_line ocrx_word'/>
</head>
<body>
  <div class='ocr_page' id='page_1' title='image "./iosephiscaliger00scalgoog_0264.png"; bbox 0 0 3000 4725; ppageno 0'>
   <div class='ocr_carea' id='block_1_1' title="bbox 738 564 888 663">
    <p class='ocr_par' dir='ltr' id='par_1_1' title="bbox 738 564 888 663">
     <span class='ocr_line' id='line_1_1' title="bbox 738 564 888 663; baseline 0 -35"><span class='ocrx_word' id='word_1_1' title='bbox 738 564 888 663; x_wconf 50' lang='lat' dir='ltr'><em>Q</em></span> 
     </span>
    </p>
   </div>
   <div class='ocr_carea' id='block_1_2' title="bbox 356 731 1306 1326">
    <p class='ocr_par' dir='ltr' id='par_1_2' title="bbox 357 731 1011 819">
     <span class='ocr_line' id='line_1_2' title="bbox 357 731 1011 819; baseline 0 -23"><span class='ocrx_word' id='word_1_2' title='bbox 357 734 404 797; x_wconf 68' lang='grc'>88</span> <span class='ocrx_word' id='word_1_3' title='bbox 620 731 674 817; x_wconf 84' lang='grc' dir='ltr'>Μὴ</span> <span class='ocrx_word' id='word_1_4' title='bbox 697 734 829 819; x_wconf 76' lang='grc' dir='ltr'>τρέσσῃς</span> <span class='ocrx_word' id='word_1_5' title='bbox 850 734 896 799; x_wconf 81' lang='grc' dir='ltr'>ὅτι</span> <span class='ocrx_word' id='word_1_6' title='bbox 915 733 1011 805; x_wconf 80' lang='grc' dir='ltr'><strong>τόξον.</strong></span> 
     </span>
    </p>

    <p class='ocr_par' dir='ltr' id='par_1_3' title="bbox 356 819 1134 986">
     <span class='ocr_line' id='line_1_3' title="bbox 356 819 1134 901; baseline 0.005 -22"><span class='ocrx_word' id='word_1_7' title='bbox 356 819 446 895; x_wconf 79' lang='lat' dir='ltr'>Quod</span> <span class='ocrx_word' id='word_1_8' title='bbox 466 829 573 882; x_wconf 84' lang='lat' dir='ltr'>tensos</span> <span class='ocrx_word' id='word_1_9' title='bbox 593 840 693 895; x_wconf 86' lang='lat' dir='ltr'>arcus,</span> <span class='ocrx_word' id='word_1_10' title='bbox 716 823 890 901; x_wconf 84' lang='lat' dir='ltr'>infestaque</span> <span class='ocrx_word' id='word_1_11' title='bbox 911 823 984 896; x_wconf 85' lang='lat' dir='ltr'>tela,</span> <span class='ocrx_word' id='word_1_12' title='bbox 1007 822 1134 901; x_wconf 74' lang='lat' dir='ltr'>eagihas</span> 
     </span>
     <span class='ocr_line' id='line_1_4' title="bbox 398 908 1062 986; baseline 0.003 -21"><span class='ocrx_word' id='word_1_13' title='bbox 398 909 479 965; x_wconf 86' lang='lat' dir='ltr'>Ante</span> <span class='ocrx_word' id='word_1_14' title='bbox 500 926 583 968; x_wconf 88' lang='lat' dir='ltr'>meos</span> <span class='ocrx_word' id='word_1_15' title='bbox 604 909 697 985; x_wconf 91' lang='lat' dir='ltr'>posui</span> <span class='ocrx_word' id='word_1_16' title='bbox 717 918 786 968; x_wconf 90' lang='lat' dir='ltr'>cote</span> <span class='ocrx_word' id='word_1_17' title='bbox 809 910 935 980; x_wconf 80' lang='lat' dir='ltr'>subacta</span> <span class='ocrx_word' id='word_1_18' title='bbox 955 908 1062 986; x_wconf 89' lang='lat' dir='ltr'>pedes,</span> 
     </span>
    </p>

    <p class='ocr_par' dir='ltr' id='par_1_4' title="bbox 358 991 1306 1156">
     <span class='ocr_line' id='line_1_5' title="bbox 358 991 1306 1070; baseline -0.001 -20"><span class='ocrx_word' id='word_1_19' title='bbox 358 991 450 1067; x_wconf 75' lang='lat' dir='ltr'>Quod</span> <span class='ocrx_word' id='word_1_20' title='bbox 470 992 587 1051; x_wconf 70' lang='lat' dir='ltr'>clavam</span> <span class='ocrx_word' id='word_1_21' title='bbox 609 1001 711 1069; x_wconf 86' lang='lat' dir='ltr'>gestat</span> <span class='ocrx_word' id='word_1_22' title='bbox 731 1012 851 1067; x_wconf 89' lang='lat' dir='ltr'>manus,</span> <span class='ocrx_word' id='word_1_23' title='bbox 873 993 996 1069; x_wconf 84' lang='lat' dir='ltr'>hospes,</span> <span class='ocrx_word' id='word_1_24' title='bbox 1018 1010 1110 1070; x_wconf 83' lang='lat' dir='ltr'>parce</span> <span class='ocrx_word' id='word_1_25' title='bbox 1132 993 1236 1062; x_wconf 83' lang='lat' dir='ltr'>timere,</span> <span class='ocrx_word' id='word_1_26' title='bbox 1305 992 1306 997; x_wconf 73' lang='grc'>’</span> 
     </span>
     <span class='ocr_line' id='line_1_6' title="bbox 399 1074 1122 1156; baseline 0.003 -23"><span class='ocrx_word' id='word_1_27' title='bbox 399 1074 543 1153; x_wconf 81' lang='lat' dir='ltr'>Quodque</span> <span class='ocrx_word' id='word_1_28' title='bbox 562 1078 703 1137; x_wconf 79' lang='lat' dir='ltr'>humeros</span> <span class='ocrx_word' id='word_1_29' title='bbox 725 1078 817 1156; x_wconf 88' lang='lat' dir='ltr'>pellis</span> <span class='ocrx_word' id='word_1_30' title='bbox 836 1079 915 1136; x_wconf 85' lang='lat' dir='ltr'>hirte</span> <span class='ocrx_word' id='word_1_31' title='bbox 932 1078 1030 1139; x_wconf 86' lang='lat' dir='ltr'>leonis</span> <span class='ocrx_word' id='word_1_32' title='bbox 1050 1078 1122 1137; x_wconf 89' lang='lat' dir='ltr'>obit.</span> 
     </span>
    </p>

    <p class='ocr_par' dir='ltr' id='par_1_5' title="bbox 356 1161 1153 1326">
     <span class='ocr_line' id='line_1_7' title="bbox 356 1161 1153 1239; baseline 0.003 -20"><span class='ocrx_word' id='word_1_33' title='bbox 356 1161 429 1239; x_wconf 91' lang='lat' dir='ltr'>Ipse</span> <span class='ocrx_word' id='word_1_34' title='bbox 449 1162 545 1221; x_wconf 88' lang='lat' dir='ltr'>malos</span> <span class='ocrx_word' id='word_1_35' title='bbox 567 1171 694 1237; x_wconf 87' lang='lat' dir='ltr'>tantum,</span> <span class='ocrx_word' id='word_1_36' title='bbox 715 1184 778 1222; x_wconf 90' lang='lat' dir='ltr'>uon</span> <span class='ocrx_word' id='word_1_37' title='bbox 799 1183 906 1224; x_wconf 88' lang='lat' dir='ltr'>omnes</span> <span class='ocrx_word' id='word_1_38' title='bbox 927 1163 1050 1222; x_wconf 86' lang='lat' dir='ltr'>laedere</span> <span class='ocrx_word' id='word_1_39' title='bbox 1072 1162 1153 1235; x_wconf 81' lang='lat' dir='ltr'>novi,</span> 
     </span>
     <span class='ocr_line' id='line_1_8' title="bbox 398 1248 1060 1326; baseline -0.002 -20"><span class='ocrx_word' id='word_1_40' title='bbox 398 1248 441 1306; x_wconf 84' lang='lat' dir='ltr'>ilt-</span> <span class='ocrx_word' id='word_1_41' title='bbox 460 1265 585 1324; x_wconf 91' lang='lat' dir='ltr'>possum</span> <span class='ocrx_word' id='word_1_42' title='bbox 605 1249 761 1307; x_wconf 84' lang='lat' dir='ltr'>aerumnis</span> <span class='ocrx_word' id='word_1_43' title='bbox 783 1249 933 1326; x_wconf 83' lang='lat' dir='ltr'>eripuisse</span> <span class='ocrx_word' id='word_1_44' title='bbox 954 1250 1060 1307; x_wconf 88' lang='lat' dir='ltr'>bonos.</span> 
     </span>
    </p>
   </div>
   <div class='ocr_carea' id='block_1_3' title="bbox 357 1412 1222 2176">
    <p class='ocr_par' dir='ltr' id='par_1_6' title="bbox 358 1412 1015 1497">
     <span class='ocr_line' id='line_1_9' title="bbox 358 1412 1015 1497; baseline 0.003 -24"><span class='ocrx_word' id='word_1_45' title='bbox 358 1413 405 1474; x_wconf 84' lang='grc' dir='ltr'>δ9</span> <span class='ocrx_word' id='word_1_46' title='bbox 607 1412 702 1476; x_wconf 79' lang='grc' dir='ltr'><strong>Στᾶθι</strong></span> <span class='ocrx_word' id='word_1_47' title='bbox 722 1414 830 1489; x_wconf 77' lang='grc' dir='ltr'>πέλας,</span> <span class='ocrx_word' id='word_1_48' title='bbox 852 1414 1015 1497; x_wconf 78' lang='grc' dir='ltr'>δάκρυσον.</span> 
     </span>
    </p>

    <p class='ocr_par' dir='ltr' id='par_1_7' title="bbox 358 1498 1222 1665">
     <span class='ocr_line' id='line_1_10' title="bbox 358 1498 1222 1579; baseline -0.003 -19"><span class='ocrx_word' id='word_1_49' title='bbox 358 1498 440 1560; x_wconf 88' lang='lat' dir='ltr'>Siste</span> <span class='ocrx_word' id='word_1_50' title='bbox 462 1501 599 1579; x_wconf 84' lang='lat' dir='ltr'>gradum,</span> <span class='ocrx_word' id='word_1_51' title='bbox 620 1503 696 1560; x_wconf 82' lang='lat' dir='ltr'>siste</span> <span class='ocrx_word' id='word_1_52' title='bbox 716 1503 842 1577; x_wconf 86' lang='lat' dir='ltr'>hospes,</span> <span class='ocrx_word' id='word_1_53' title='bbox 871 1501 1097 1579; x_wconf 86' lang='lat' dir='ltr'>inexpletisqu&#39;e</span> <span class='ocrx_word' id='word_1_54' title='bbox 1118 1499 1222 1559; x_wconf 86' lang='lat' dir='ltr'>tuendo</span> 
     </span>
     <span class='ocr_line' id='line_1_11' title="bbox 400 1586 1076 1665; baseline 0 -20"><span class='ocrx_word' id='word_1_55' title='bbox 400 1586 614 1665; x_wconf 86' lang='lat' dir='ltr'>Magniloquae</span> <span class='ocrx_word' id='word_1_56' title='bbox 635 1586 752 1647; x_wconf 88' lang='lat' dir='ltr'>Niobes</span> <span class='ocrx_word' id='word_1_57' title='bbox 773 1588 957 1646; x_wconf 80' lang='lat' dir='ltr'>illacrimare</span> <span class='ocrx_word' id='word_1_58' title='bbox 976 1588 1076 1646; x_wconf 82' lang='lat' dir='ltr'>melis.</span> 
     </span>
    </p>

    <p class='ocr_par' dir='ltr' id='par_1_8' title="bbox 357 1670 1185 1829">
     <span class='ocr_line' id='line_1_12' title="bbox 357 1670 1166 1750; baseline -0.001 -20"><span class='ocrx_word' id='word_1_59' title='bbox 357 1670 451 1730; x_wconf 83' lang='lat' dir='ltr'>Cuius</span> <span class='ocrx_word' id='word_1_60' title='bbox 473 1672 557 1729; x_wconf 93' lang='lat' dir='ltr'>humi</span> <span class='ocrx_word' id='word_1_61' title='bbox 578 1672 648 1731; x_wconf 88' lang='lat' dir='ltr'>telis</span> <span class='ocrx_word' id='word_1_62' title='bbox 671 1681 809 1731; x_wconf 88' lang='lat' dir='ltr'>natorum</span> <span class='ocrx_word' id='word_1_63' title='bbox 830 1692 957 1750; x_wconf 86' lang='lat' dir='ltr'>corpora</span> <span class='ocrx_word' id='word_1_64' title='bbox 977 1673 1030 1730; x_wconf 85' lang='lat' dir='ltr'>bix</span> <span class='ocrx_word' id='word_1_65' title='bbox 1051 1691 1108 1731; x_wconf 86' lang='lat' dir='ltr'>sex</span> <span class='ocrx_word' id='word_1_66' title='bbox 1163 1686 1166 1691; x_wconf 88' lang='grc'>·</span> 
     </span>
     <span class='ocr_line' id='line_1_13' title="bbox 401 1755 1185 1829; baseline -0.001 -15"><span class='ocrx_word' id='word_1_67' title='bbox 401 1755 483 1815; x_wconf 91' lang='lat' dir='ltr'>Hinc</span> <span class='ocrx_word' id='word_1_68' title='bbox 503 1756 660 1829; x_wconf 89' lang='lat' dir='ltr'>Phoebus,</span> <span class='ocrx_word' id='word_1_69' title='bbox 684 1758 801 1816; x_wconf 90' lang='lat' dir='ltr'>Phoebi</span> <span class='ocrx_word' id='word_1_70' title='bbox 821 1758 929 1816; x_wconf 85' lang='lat' dir='ltr'>stravit</span> <span class='ocrx_word' id='word_1_71' title='bbox 949 1756 1070 1815; x_wconf 85' lang='lat' dir='ltr'>atinde</span> <span class='ocrx_word' id='word_1_72' title='bbox 1092 1772 1185 1815; x_wconf 89' lang='lat' dir='ltr'>soror.</span> 
     </span>
    </p>

    <p class='ocr_par' dir='ltr' id='par_1_9' title="bbox 357 1842 1197 2005">
     <span class='ocr_line' id='line_1_14' title="bbox 357 1842 1197 1920; baseline -0.007 -19"><span class='ocrx_word' id='word_1_73' title='bbox 357 1842 527 1920; x_wconf 82' lang='lat' dir='ltr'>Ambiguae</span> <span class='ocrx_word' id='word_1_74' title='bbox 547 1842 623 1901; x_wconf 86' lang='lat' dir='ltr'>baec</span> <span class='ocrx_word' id='word_1_75' title='bbox 641 1843 721 1901; x_wconf 85' lang='lat' dir='ltr'>inter</span> <span class='ocrx_word' id='word_1_76' title='bbox 743 1844 861 1902; x_wconf 84' lang='lat' dir='ltr'>silicem</span> <span class='ocrx_word' id='word_1_77' title='bbox 884 1860 1064 1917; x_wconf 87' lang='lat' dir='ltr'>carnemque</span> <span class='ocrx_word' id='word_1_78' title='bbox 1086 1842 1197 1918; x_wconf 85' lang='lat' dir='ltr'>figurae</span> 
     </span>
     <span class='ocr_line' id='line_1_15' title="bbox 391 1926 1143 2005; baseline -0.003 -20"><span class='ocrx_word' id='word_1_79' title='bbox 391 1926 449 1985; x_wconf 79' lang='lat' dir='ltr'>‘Fit</span> <span class='ocrx_word' id='word_1_80' title='bbox 467 1927 560 2003; x_wconf 89' lang='lat' dir='ltr'>lapis,</span> <span class='ocrx_word' id='word_1_81' title='bbox 585 1935 615 1986; x_wconf 91' lang='lat' dir='ltr'>et</span> <span class='ocrx_word' id='word_1_82' title='bbox 637 1926 763 2005; x_wconf 82' lang='lat' dir='ltr'>Sipylus</span> <span class='ocrx_word' id='word_1_83' title='bbox 788 1938 875 1987; x_wconf 86' lang='lat' dir='ltr'>caute</span> <span class='ocrx_word' id='word_1_84' title='bbox 895 1935 1021 1986; x_wconf 81' lang='lat' dir='ltr'>sonante</span> <span class='ocrx_word' id='word_1_85' title='bbox 1042 1927 1143 2004; x_wconf 83' lang='lat' dir='ltr'>gemit.</span> 
     </span>
    </p>

    <p class='ocr_par' dir='ltr' id='par_1_10' title="bbox 357 2010 1217 2176">
     <span class='ocr_line' id='line_1_16' title="bbox 357 2010 1217 2089; baseline -0.008 -19"><span class='ocrx_word' id='word_1_86' title='bbox 357 2010 413 2070; x_wconf 85' lang='lat' dir='ltr'>Vis</span> <span class='ocrx_word' id='word_1_87' title='bbox 438 2012 546 2071; x_wconf 83' lang='lat' dir='ltr'>morbi·</span> <span class='ocrx_word' id='word_1_88' title='bbox 560 2011 592 2071; x_wconf 94' lang='lat' dir='ltr'>in</span> <span class='ocrx_word' id='word_1_89' title='bbox 612 2012 718 2089; x_wconf 85' lang='lat' dir='ltr'>lingua</span> <span class='ocrx_word' id='word_1_90' title='bbox 738 2022 786 2073; x_wconf 89' lang='lat' dir='ltr'>est</span> <span class='ocrx_word' id='word_1_91' title='bbox 804 2013 980 2071; x_wconf 83' lang='lat' dir='ltr'>mortalibus</span> <span class='ocrx_word' id='word_1_92' title='bbox 1003 2013 1104 2071; x_wconf 88' lang='lat' dir='ltr'>insita.</span> <span class='ocrx_word' id='word_1_93' title='bbox 1128 2025 1217 2083; x_wconf 86' lang='lat' dir='ltr'>saepe</span> 
     </span>
     <span class='ocr_line' id='line_1_17' title="bbox 399 2095 1120 2176; baseline 0 -23"><span class='ocrx_word' id='word_1_94' title='bbox 399 2095 515 2154; x_wconf 89' lang='lat' dir='ltr'>Natum</span> <span class='ocrx_word' id='word_1_95' title='bbox 536 2117 575 2155; x_wconf 87' lang='lat' dir='ltr'>ex</span> <span class='ocrx_word' id='word_1_96' title='bbox 596 2098 709 2156; x_wconf 84' lang='lat' dir='ltr'>infreni</span> <span class='ocrx_word' id='word_1_97' title='bbox 732 2099 907 2176; x_wconf 77' lang='lat' dir='ltr'>garrulitate</span> <span class='ocrx_word' id='word_1_98' title='bbox 927 2098 1040 2157; x_wconf 87' lang='lat' dir='ltr'>malum</span> <span class='ocrx_word' id='word_1_99' title='bbox 1064 2102 1120 2155; x_wconf 88' lang='lat' dir='ltr'>est.</span> 
     </span>
    </p>
   </div>
   <div class='ocr_carea' id='block_1_4' title="bbox 356 2260 1185 2854">
    <p class='ocr_par' dir='ltr' id='par_1_11' title="bbox 356 2260 1185 2854">
     <span class='ocr_line' id='line_1_18' title="bbox 358 2260 1020 2345; baseline 0.002 -23"><span class='ocrx_word' id='word_1_100' title='bbox 358 2262 427 2322; x_wconf 70' lang='lat'>812</span> <span class='ocrx_word' id='word_1_101' title='bbox 610 2260 737 2345; x_wconf 81' lang='grc' dir='ltr'>Κύπρις,</span> <span class='ocrx_word' id='word_1_102' title='bbox 759 2262 810 2325; x_wconf 81' lang='grc' dir='ltr'>ὅτε</span> <span class='ocrx_word' id='word_1_103' title='bbox 833 2262 1020 2325; x_wconf 80' lang='grc' dir='ltr'>σταλάουσα.</span> 
     </span>
     <span class='ocr_line' id='line_1_19' title="bbox 359 2348 1185 2428; baseline -0.005 -18"><span class='ocrx_word' id='word_1_104' title='bbox 359 2348 435 2410; x_wconf 83' lang='lat' dir='ltr'>Cum</span> <span class='ocrx_word' id='word_1_105' title='bbox 454 2349 559 2408; x_wconf 89' lang='lat' dir='ltr'>Venus</span> <span class='ocrx_word' id='word_1_106' title='bbox 580 2352 725 2426; x_wconf 85' lang='lat' dir='ltr'>aequorei</span> <span class='ocrx_word' id='word_1_107' title='bbox 746 2351 862 2428; x_wconf 85' lang='lat' dir='ltr'>spumis</span> <span class='ocrx_word' id='word_1_108' title='bbox 885 2351 960 2411; x_wconf 81' lang='lat' dir='ltr'>salis</span> <span class='ocrx_word' id='word_1_109' title='bbox 979 2351 1039 2410; x_wconf 83' lang='lat' dir='ltr'>uda</span> <span class='ocrx_word' id='word_1_110' title='bbox 1061 2348 1185 2427; x_wconf 86' lang='lat' dir='ltr'>capillos</span> 
     </span>
     <span class='ocr_line' id='line_1_20' title="bbox 399 2435 1037 2513; baseline 0.003 -20"><span class='ocrx_word' id='word_1_111' title='bbox 399 2435 492 2493; x_wconf 87' lang='lat' dir='ltr'>Edita</span> <span class='ocrx_word' id='word_1_112' title='bbox 509 2437 670 2512; x_wconf 85' lang='lat' dir='ltr'>purpureis</span> <span class='ocrx_word' id='word_1_113' title='bbox 693 2438 775 2495; x_wconf 88' lang='lat' dir='ltr'>nuda</span> <span class='ocrx_word' id='word_1_114' title='bbox 796 2444 914 2495; x_wconf 88' lang='lat' dir='ltr'>nataret</span> <span class='ocrx_word' id='word_1_115' title='bbox 934 2437 1037 2513; x_wconf 85' lang='lat' dir='ltr'>aquis:</span> 
     </span>
     <span class='ocr_line' id='line_1_21' title="bbox 357 2520 1036 2600; baseline -0.001 -20"><span class='ocrx_word' id='word_1_116' title='bbox 357 2520 506 2580; x_wconf 89' lang='lat' dir='ltr'>Uvidulos</span> <span class='ocrx_word' id='word_1_117' title='bbox 527 2540 620 2580; x_wconf 91' lang='lat' dir='ltr'>roseo</span> <span class='ocrx_word' id='word_1_118' title='bbox 643 2522 741 2581; x_wconf 87' lang='lat' dir='ltr'>crines</span> <span class='ocrx_word' id='word_1_119' title='bbox 765 2523 889 2600; x_wconf 79' lang='lat' dir='ltr'>collegit</span> <span class='ocrx_word' id='word_1_120' title='bbox 911 2523 948 2580; x_wconf 78' lang='lat' dir='ltr'>ab</span> <span class='ocrx_word' id='word_1_121' title='bbox 973 2542 1036 2595; x_wconf 86' lang='lat' dir='ltr'>ore,</span> 
     </span>
     <span class='ocr_line' id='line_1_22' title="bbox 400 2604 1099 2682; baseline -0.001 -19"><span class='ocrx_word' id='word_1_122' title='bbox 400 2605 440 2663; x_wconf 84' lang='lat' dir='ltr'>Et</span> <span class='ocrx_word' id='word_1_123' title='bbox 459 2604 559 2663; x_wconf 85' lang='lat' dir='ltr'>salsas</span> <span class='ocrx_word' id='word_1_124' title='bbox 581 2614 682 2682; x_wconf 88' lang='lat' dir='ltr'>guttas</span> <span class='ocrx_word' id='word_1_125' title='bbox 706 2609 830 2666; x_wconf 85' lang='lat' dir='ltr'>strinxit</span> <span class='ocrx_word' id='word_1_126' title='bbox 850 2615 977 2681; x_wconf 80' lang='lat' dir='ltr'>utraque</span> <span class='ocrx_word' id='word_1_127' title='bbox 997 2625 1099 2676; x_wconf 89' lang='lat' dir='ltr'>manu,</span> 
     </span>
     <span class='ocr_line' id='line_1_23' title="bbox 356 2687 1127 2769; baseline -0.001 -20"><span class='ocrx_word' id='word_1_128' title='bbox 356 2689 513 2749; x_wconf 83' lang='lat' dir='ltr'>Hactenus</span> <span class='ocrx_word' id='word_1_129' title='bbox 534 2693 664 2749; x_wconf 80' lang='lat' dir='ltr'>extendo</span> <span class='ocrx_word' id='word_1_130' title='bbox 684 2712 744 2769; x_wconf 87' lang='lat' dir='ltr'>qua</span> <span class='ocrx_word' id='word_1_131' title='bbox 762 2693 819 2752; x_wconf 86' lang='lat' dir='ltr'>fas.</span> <span class='ocrx_word' id='word_1_132' title='bbox 845 2691 879 2752; x_wconf 89' lang='lat' dir='ltr'>Si</span> <span class='ocrx_word' id='word_1_133' title='bbox 900 2687 971 2750; x_wconf 87' lang='lat' dir='ltr'>talis</span> <span class='ocrx_word' id='word_1_134' title='bbox 995 2693 1026 2750; x_wconf 91' lang='lat' dir='ltr'>in</span> <span class='ocrx_word' id='word_1_135' title='bbox 1045 2688 1127 2749; x_wconf 79' lang='lat' dir='ltr'>undu</span> 
     </span>
     <span class='ocr_line' id='line_1_24' title="bbox 399 2775 1070 2854; baseline 0.001 -21"><span class='ocrx_word' id='word_1_136' title='bbox 399 2775 475 2835; x_wconf 86' lang='lat' dir='ltr'>Visa</span> <span class='ocrx_word' id='word_1_137' title='bbox 494 2776 561 2849; x_wconf 91' lang='lat' dir='ltr'>fuit,</span> <span class='ocrx_word' id='word_1_138' title='bbox 581 2777 687 2837; x_wconf 84' lang='lat' dir='ltr'>Martis</span> <span class='ocrx_word' id='word_1_139' title='bbox 707 2786 835 2854; x_wconf 83' lang='lat' dir='ltr'>pectore</span> <span class='ocrx_word' id='word_1_140' title='bbox 858 2779 957 2836; x_wconf 85' lang='lat' dir='ltr'>turbet</span> <span class='ocrx_word' id='word_1_141' title='bbox 979 2795 1070 2834; x_wconf 89' lang='lat' dir='ltr'>amor.</span> 
     </span>
    </p>
   </div>
   <div class='ocr_carea' id='block_1_5' title="bbox 358 2938 1138 3108">
    <p class='ocr_par' dir='ltr' id='par_1_12' title="bbox 358 2938 1138 3108">
     <span class='ocr_line' id='line_1_25' title="bbox 358 2938 994 3026; baseline 0.002 -23"><span class='ocrx_word' id='word_1_142' title='bbox 358 2943 427 3003; x_wconf 67' lang='lat'>320</span> <span class='ocrx_word' id='word_1_143' title='bbox 640 2938 751 3025; x_wconf 83' lang='grc' dir='ltr'>Ῥώμη</span> <span class='ocrx_word' id='word_1_144' title='bbox 773 2944 994 3026; x_wconf 82' lang='grc' dir='ltr'>παμβασίλεια.</span> 
     </span>
     <span class='ocr_line' id='line_1_26' title="bbox 358 3029 1138 3108; baseline -0.004 -19"><span class='ocrx_word' id='word_1_145' title='bbox 358 3030 403 3090; x_wconf 90' lang='lat' dir='ltr'>Te</span> <span class='ocrx_word' id='word_1_146' title='bbox 425 3052 578 3108; x_wconf 89' lang='lat' dir='ltr'>nunquam</span> <span class='ocrx_word' id='word_1_147' title='bbox 599 3032 722 3090; x_wconf 83' lang='lat' dir='ltr'>amissis</span> <span class='ocrx_word' id='word_1_148' title='bbox 746 3031 844 3108; x_wconf 86' lang='lat' dir='ltr'>fugiet</span> <span class='ocrx_word' id='word_1_149' title='bbox 866 3031 999 3088; x_wconf 86' lang='lat' dir='ltr'>Victoria</span> <span class='ocrx_word' id='word_1_150' title='bbox 1019 3029 1138 3105; x_wconf 86' lang='lat' dir='ltr'>pennis,</span> 
     </span>
    </p>
   </div>
   <div class='ocr_carea' id='block_1_6' title="bbox 397 3111 1163 3193">
    <p class='ocr_par' dir='ltr' id='par_1_13' title="bbox 397 3111 1163 3193">
     <span class='ocr_line' id='line_1_27' title="bbox 397 3111 1163 3193; baseline -0.008 -19"><span class='ocrx_word' id='word_1_151' title='bbox 397 3115 466 3175; x_wconf 85' lang='lat' dir='ltr'>Nec</span> <span class='ocrx_word' id='word_1_152' title='bbox 488 3126 541 3176; x_wconf 85' lang='lat' dir='ltr'>tua</span> <span class='ocrx_word' id='word_1_153' title='bbox 560 3118 629 3176; x_wconf 84' lang='lat' dir='ltr'>laus</span> <span class='ocrx_word' id='word_1_154' title='bbox 651 3117 772 3193; x_wconf 89' lang='lat' dir='ltr'>poterit,</span> <span class='ocrx_word' id='word_1_155' title='bbox 796 3116 930 3174; x_wconf 79' lang='lat' dir='ltr'>maxime</span> <span class='ocrx_word' id='word_1_156' title='bbox 951 3116 1059 3186; x_wconf 85' lang='lat' dir='ltr'>Roma,</span> <span class='ocrx_word' id='word_1_157' title='bbox 1081 3111 1163 3171; x_wconf 87' lang='lat' dir='ltr'>mori.</span> 
     </span>
    </p>
   </div>
   <div class='ocr_carea' id='block_1_7' title="bbox 356 3279 1250 3869">
    <p class='ocr_par' dir='ltr' id='par_1_14' title="bbox 359 3279 942 3364">
     <span class='ocr_line' id='line_1_28' title="bbox 359 3279 942 3364; baseline -0.014 -14"><span class='ocrx_word' id='word_1_158' title='bbox 359 3283 433 3360; x_wconf 70' lang='lat' dir='ltr'>((l)</span> <span class='ocrx_word' id='word_1_159' title='bbox 672 3279 753 3344; x_wconf 82' lang='lat' dir='ltr'>‘th</span> <span class='ocrx_word' id='word_1_160' title='bbox 780 3281 874 3364; x_wconf 77' lang='grc' dir='ltr'>μέλος</span> <span class='ocrx_word' id='word_1_161' title='bbox 895 3281 942 3362; x_wconf 71' lang='grc' dir='ltr'>νὴ.</span> 
     </span>
    </p>

    <p class='ocr_par' dir='ltr' id='par_1_15' title="bbox 356 3363 1237 3527">
     <span class='ocr_line' id='line_1_29' title="bbox 356 3363 1237 3447; baseline -0.005 -21"><span class='ocrx_word' id='word_1_162' title='bbox 356 3368 456 3426; x_wconf 88' lang='lat' dir='ltr'>Dulce</span> <span class='ocrx_word' id='word_1_163' title='bbox 479 3378 598 3443; x_wconf 87' lang='lat' dir='ltr'>sonant,</span> <span class='ocrx_word' id='word_1_164' title='bbox 619 3390 689 3428; x_wconf 85' lang='lat' dir='ltr'>mea</span> <span class='ocrx_word' id='word_1_165' title='bbox 710 3371 892 3447; x_wconf 89' lang='lat' dir='ltr'>Zenophile,</span> <span class='ocrx_word' id='word_1_166' title='bbox 918 3377 971 3426; x_wconf 82' lang='lat' dir='ltr'>tue</span> <span class='ocrx_word' id='word_1_167' title='bbox 991 3369 1138 3425; x_wconf 78' lang='lat' dir='ltr'>carmina:</span> <span class='ocrx_word' id='word_1_168' title='bbox 1161 3363 1237 3422; x_wconf 82' lang='lat' dir='ltr'>docto</span> 
     </span>
     <span class='ocr_line' id='line_1_30' title="bbox 400 3453 1165 3527; baseline -0.003 -17"><span class='ocrx_word' id='word_1_169' title='bbox 400 3453 526 3526; x_wconf 83' lang='lat' dir='ltr'>Pollice,</span> <span class='ocrx_word' id='word_1_170' title='bbox 550 3456 596 3513; x_wconf 84' lang='lat' dir='ltr'>sic</span> <span class='ocrx_word' id='word_1_171' title='bbox 613 3456 715 3514; x_wconf 87' lang='lat' dir='ltr'>faveat</span> <span class='ocrx_word' id='word_1_172' title='bbox 733 3455 801 3514; x_wconf 87' lang='lat' dir='ltr'>Pan</span> <span class='ocrx_word' id='word_1_173' title='bbox 825 3455 908 3527; x_wconf 87' lang='lat' dir='ltr'>mihi,</span> <span class='ocrx_word' id='word_1_174' title='bbox 939 3453 1026 3512; x_wconf 85' lang='lat' dir='ltr'>dulce</span> <span class='ocrx_word' id='word_1_175' title='bbox 1049 3457 1165 3511; x_wconf 80' lang='lat' dir='ltr'>sonent.</span> 
     </span>
    </p>

    <p class='ocr_par' dir='ltr' id='par_1_16' title="bbox 357 3535 1155 3702">
     <span class='ocr_line' id='line_1_31' title="bbox 357 3535 1155 3618; baseline 0.003 -24"><span class='ocrx_word' id='word_1_176' title='bbox 357 3535 424 3609; x_wconf 73' lang='lat' dir='ltr'>Quo</span> <span class='ocrx_word' id='word_1_177' title='bbox 443 3539 557 3616; x_wconf 84' lang='lat' dir='ltr'>fugiam</span> <span class='ocrx_word' id='word_1_178' title='bbox 575 3540 629 3598; x_wconf 74' lang='lat' dir='ltr'>tei</span> <span class='ocrx_word' id='word_1_179' title='bbox 648 3559 698 3598; x_wconf 87' lang='lat' dir='ltr'>me</span> <span class='ocrx_word' id='word_1_180' title='bbox 719 3541 843 3618; x_wconf 88' lang='lat' dir='ltr'>cingunt</span> <span class='ocrx_word' id='word_1_181' title='bbox 864 3539 1007 3616; x_wconf 84' lang='lat' dir='ltr'>indagine</span> <span class='ocrx_word' id='word_1_182' title='bbox 1028 3556 1155 3610; x_wconf 84' lang='lat' dir='ltr'>amores,</span> 
     </span>
     <span class='ocr_line' id='line_1_32' title="bbox 402 3621 1072 3702; baseline -0.001 -22"><span class='ocrx_word' id='word_1_183' title='bbox 402 3621 472 3680; x_wconf 88' lang='lat' dir='ltr'>Nec·</span> <span class='ocrx_word' id='word_1_184' title='bbox 491 3624 664 3699; x_wconf 87' lang='lat' dir='ltr'>respirandi</span> <span class='ocrx_word' id='word_1_185' title='bbox 681 3633 801 3702; x_wconf 88' lang='lat' dir='ltr'>tempus</span> <span class='ocrx_word' id='word_1_186' title='bbox 825 3633 856 3682; x_wconf 88' lang='lat' dir='ltr'>et</span> <span class='ocrx_word' id='word_1_187' title='bbox 877 3625 954 3682; x_wconf 85' lang='lat' dir='ltr'>hora</span> <span class='ocrx_word' id='word_1_188' title='bbox 974 3623 1072 3680; x_wconf 82' lang='lat' dir='ltr'>datur.</span> 
     </span>
    </p>

    <p class='ocr_par' dir='ltr' id='par_1_17' title="bbox 357 3701 1250 3869">
     <span class='ocr_line' id='line_1_33' title="bbox 357 3701 1250 3785; baseline 0.001 -20"><span class='ocrx_word' id='word_1_189' title='bbox 357 3705 446 3766; x_wconf 89' lang='lat' dir='ltr'>Unde</span> <span class='ocrx_word' id='word_1_190' title='bbox 458 3708 532 3765; x_wconf 91' lang='lat' dir='ltr'>mibi</span> <span class='ocrx_word' id='word_1_191' title='bbox 545 3708 659 3766; x_wconf 84' lang='lat' dir='ltr'>formae</span> <span class='ocrx_word' id='word_1_192' title='bbox 672 3711 749 3768; x_wconf 87' lang='lat' dir='ltr'>haec</span> <span class='ocrx_word' id='word_1_193' title='bbox 763 3731 837 3768; x_wconf 83' lang='lat' dir='ltr'>aura</span> <span class='ocrx_word' id='word_1_194' title='bbox 850 3709 980 3785; x_wconf 86' lang='lat' dir='ltr'>appulit:</span> <span class='ocrx_word' id='word_1_195' title='bbox 996 3715 1049 3764; x_wconf 88' lang='lat' dir='ltr'>aut</span> <span class='ocrx_word' id='word_1_196' title='bbox 1063 3727 1100 3765; x_wconf 87' lang='lat' dir='ltr'>ea</span> <span class='ocrx_word' id='word_1_197' title='bbox 1111 3707 1195 3764; x_wconf 84' lang='lat' dir='ltr'>Musa</span> <span class='ocrx_word' id='word_1_198' title='bbox 1207 3701 1250 3764; x_wconf 77' lang='lat' dir='ltr'>aab</span> 
     </span>
     <span class='ocr_line' id='line_1_34' title="bbox 401 3791 1218 3869; baseline -0.009 -18"><span class='ocrx_word' id='word_1_199' title='bbox 401 3795 462 3851; x_wconf 89' lang='lat' dir='ltr'>Aut</span> <span class='ocrx_word' id='word_1_200' title='bbox 483 3791 592 3852; x_wconf 81' lang='lat' dir='ltr'>Charis</span> <span class='ocrx_word' id='word_1_201' title='bbox 612 3802 672 3852; x_wconf 87' lang='lat' dir='ltr'>est:</span> <span class='ocrx_word' id='word_1_202' title='bbox 700 3796 787 3868; x_wconf 89' lang='lat' dir='ltr'>eheu,</span> <span class='ocrx_word' id='word_1_203' title='bbox 810 3795 881 3869; x_wconf 92' lang='lat' dir='ltr'>quid</span> <span class='ocrx_word' id='word_1_204' title='bbox 904 3793 1029 3868; x_wconf 79' lang='lat' dir='ltr'>loquor?</span> <span class='ocrx_word' id='word_1_205' title='bbox 1051 3811 1131 3864; x_wconf 86' lang='lat' dir='ltr'>uror,</span> <span class='ocrx_word' id='word_1_206' title='bbox 1152 3804 1218 3848; x_wconf 85' lang='lat' dir='ltr'>amo.</span> 
     </span>
    </p>
   </div>
   <div class='ocr_carea' id='block_1_8' title="bbox 0 0 1504 4725">
    <p class='ocr_par' dir='ltr' id='par_1_18' title="bbox 0 0 1504 4725">
     <span class='ocr_line' id='line_1_35' title="bbox 0 0 1504 4725; baseline 0 0"><span class='ocrx_word' id='word_1_207' title='bbox 0 0 1504 4725; x_wconf 95' lang='lat' dir='ltr'> </span> 
     </span>
    </p>
   </div>
  </div>
 </body>
</html>
