3000 4725
755 640 905 736 Α

374 807 451 870 Sero
474 815 631 883 parentem
651 816 680 865 te
700 807 798 867 luisse
819 809 944 887 cogites.

373 891 470 966 Quem
489 911 551 951 non
572 893 684 950 habere
707 893 861 953 sentiebas
883 901 914 952 te
933 895 1030 971 prins,

372 977 550 1038 Amissicne
571 977 599 1036 is
622 976 722 1036 carior
742 977 841 1038 factus
862 978 919 1038 tibi
941 987 997 1038 est

374 1061 467 1139 Quod
490 1063 517 1122 si
537 1062 568 1120 in
592 1062 729 1121 dolorem
750 1062 795 1119 nil
815 1063 905 1121 amici
925 1081 1091 1139 possumus

373 1150 436 1207 Aut
456 1147 644 1222 alloquendo,
669 1156 721 1204 aut
741 1148 939 1223 increpando:
961 1156 993 1206 at
1011 1167 1121 1210 amens

373 1232 449 1294 Flos
473 1232 646 1305 liberorum,
671 1233 722 1308 qni
745 1241 903 1308 superstes
925 1241 1124 1306 mortuaest,

374 1316 587 1391 Quotidianam
607 1317 709 1375 demat
729 1312 959 1394 aegrimoniam.

375 1400 494 1461 Gnatos
514 1402 674 1478 ademptos
697 1402 748 1475 qui
767 1402 858 1461 nimis
880 1403 1044 1476 desiderat,

374 1487 544 1547 iniuriosus
568 1487 601 1544 in
622 1485 746 1550 relictos
768 1495 816 1546 est
836 1495 932 1563 pater.

378 1656 427 1715 14.
471 1656 559 1732 Quae
580 1675 639 1714 nou
662 1655 837 1731 relinquunt
858 1656 993 1734 corporis
1017 1647 1176 1735 vescign‚'

374 1739 445 1800 Non
465 1759 543 1817 quae
567 1742 685 1800 otiosus
709 1740 836 1798 culcitae
860 1742 1034 1813 absorbent,
1056 1761 1136 1814 ama,

375 1826 461 1900 Quos
482 1826 625 1886 anserina
647 1825 779 1884 molliter
800 1825 856 1884 sub
879 1826 1023 1904 stragulis

374 1909 511 1970 Medulla
533 1911 636 1970 condit
656 1911 690 1968 in
713 1910 873 1986 sepulchro
891 1911 1022 1987 plumeo.

299 1991 300 1998 ¹
375 1991 468 2069 Tun',
488 1994 628 2054 militanti
651 1995 699 2054 cui
719 1995 887 2072 parabilem
910 2003 1011 2055 torum

374 2081 497 2141 Humus
520 2081 681 2152 ministret,
710 2089 802 2156 atque
826 2081 956 2139 cervical
978 2081 1075 2140 silext

376 2166 476 2242 Quem
498 2165 648 2225 sustinere
668 2167 724 2225 sub
747 2166 823 2224 Iove
845 2183 881 2223 ac
903 2166 960 2224 snb
984 2162 1115 2242 pellibus

374 2250 493 2308 Pnlude
512 2269 613 2323 caesa,
635 2250 684 2309 vel
706 2247 842 2326 maniplo
864 2251 984 2323 caricis,

376 2333 477 2413 Caput
495 2335 608 2394 recline
630 2344 719 2413 coget
743 2354 896 2394 armorum
917 2336 1016 2408 labor,

374 2421 510 2479 Pulvilla
527 2420 611 2494 laxa,
633 2420 723 2481 molle
742 2428 911 2480 tomentum
933 2423 1047 2498 premis

375 2506 479 2565 Durae
498 2506 671 2583 palaestrae
693 2506 841 2565 dedicatis
861 2507 1011 2566 artubus?

375 2592 480 2650 Labor
499 2592 556 2651 tibi
575 2610 610 2650 se
631 2590 775 2664 vindicat,
795 2610 857 2649 non
880 2591 984 2650 otium.

377 2674 534 2737 Structura
553 2675 624 2733 lecti
646 2684 693 2735 est
716 2684 862 2747 stramen,
886 2684 977 2752 atque
998 2675 1117 2735 culcita

375 2761 464 2820 Haec
485 2761 656 2839 partiantur
676 2762 783 2834 otium,
805 2770 837 2819 et
858 2760 948 2820 labos
970 2761 1037 2821 sibi.
1110 2777 1114 2789 ⁴

377 2845 425 2907 Sit
445 2848 501 2905 hoc
524 2846 648 2917 laboris,
670 2846 724 2903 illa
742 2846 830 2903 cedat
849 2846 917 2904 ctio.

380 3017 428 3075 15.
471 3018 611 3075 Marccre
634 3033 744 3093 segnes
766 3024 857 3091 atque
877 3014 975 3073 omasi
999 3015 1119 3073 sarcina

377 3099 515 3179 Castigat
536 3107 619 3158 artus
640 3101 745 3177 regula
765 3108 795 3157 et
814 3100 994 3177 frugalitas‚=

377 3186 458 3244 Male
476 3184 633 3245 tussientis
653 3185 792 3243 corticem
813 3183 987 3261 corpusculi

377 3269 489 3328 Diaeta
509 3271 652 3341 inaudax,
671 3270 838 3344 viriumque
860 3268 1002 3328 conscius

376 3354 482 3414 Victus
506 3362 613 3412 tuetur.
634 3354 723 3413 Vitae
744 3354 915 3413 inoffensus
937 3361 1024 3411 tenor

376 3440 500 3516 Integra
519 3441 654 3497 membra
676 3439 758 3497 ducit
776 3440 816 3496 ad
835 3439 950 3497 calcem
967 3437 1114 3509 ultimam,

378 3522 414 3584 Si
431 3524 476 3583 nil
496 3524 619 3583 iuventa
639 3524 732 3583 stulta
755 3525 903 3583 conscivit
926 3522 996 3594 sibi,

377 3608 499 3667 Effoeta
518 3610 654 3666 membra
675 3627 728 3668 cur
750 3618 892 3668 senectae
910 3608 1052 3674 traderet.

378 3692 480 3767 Quare
500 3693 628 3752 lacessis
650 3694 807 3767 questibus
830 3693 949 3752 caelum
971 3691 1043 3764 tuis,

379 3778 469 3854 Quod
489 3778 580 3837 dubia
600 3785 631 3835 et
650 3796 763 3855 anceps
784 3780 908 3838 fluctuat
926 3776 1010 3837 salus
1028 3776 1096 3850 tibi,

379 3863 480 3940 Quum
501 3862 641 3923 sanitatis
661 3864 790 3939 quisque
808 3864 850 3923 sit
870 3863 958 3921 faber
980 3861 1076 3922 suae?
