3000 4725
732 621 883 716 —112-

346 784 497 858 Persons,
517 787 647 862 primum
668 806 762 864 quam
780 790 837 848 ulti
854 791 1060 868 imposivais,

346 870 396 930 Ad
420 870 558 930 ultimum
578 891 674 947 usque
696 875 869 949 perluatur
889 876 1013 934 exitum.

346 954 416 1014 Nec
435 956 467 1014 in
486 973 610 1016 recessu
632 958 807 1018 solitudinis
826 961 912 1018 fase

346 1043 442 1100 Actus
465 1041 608 1102 honestos
625 1043 787 1118 squallidie
808 1045 938 1102 inertiae

346 1124 470 1184 Dumna
491 1127 636 1186 tenebris.
659 1126 722 1186 Cur
740 1130 916 1204 relinquens
934 1139 967 1187 te
989 1129 1079 1201 foris,

348 1210 395 1269 Te
416 1230 522 1270 rursus
545 1211 618 1270 alibi
635 1213 781 1287 quaeris?
801 1213 970 1273 Hominum
992 1234 1010 1272 c
1030 1215 1170 1273 coetssm

347 1295 443 1356 Exire
463 1296 600 1373 ineptum
621 1307 679 1370 est,
702 1308 866 1374 sntequom
887 1319 905 1358 e
926 1300 990 1358 uita
1010 1318 1117 1358 exeas.

628 1468 659 1523 3.
700 1467 813 1525 Doctus
830 1472 863 1524 in
886 1470 975 1526 Aula.

349 1545 457 1606 Cultor
478 1545 642 1608 camoenis
668 1550 762 1609 debiti
783 1552 898 1610 silentii

347 1631 481 1691 Finxere
500 1641 604 1708 pectus
626 1635 675 1691 cui
692 1636 819 1710 politum
842 1637 961 1710 literae,

347 1717 469 1777 Venisti
492 1717 524 1775 in
542 1718 643 1775 oolam
662 1719 801 1779 literatus
825 1723 939 1780 arbiter

347 1801 539 1881 Negotiosce
562 1812 593 1860 et
612 1804 767 1878 inquietae
786 1806 925 1864 inertiae.

348 1888 376 1948 Ο
399 1888 488 1964 quole
510 1889 604 1947 debes
629 1889 773 1949 omnibus
796 1891 959 1949 ludibrium

347 1973 472 2033 Asellus
498 1973 577 2032 inter
597 1974 721 2032 simiasl
746 1975 835 2033 Tune
856 1976 916 2042 llic,
936 1975 990 2033 obi

347 2059 449 2119 Unum
471 2077 488 2116 e
510 2066 557 2117 tot
577 2057 734 2118 hominum
753 2060 846 2136 plebe
866 2062 918 2119 vix
941 2059 1092 2118 homiuem
1113 2058 1224 2118 videsl

347 2143 409 2204 Ubi
432 2142 474 2201 nil
493 2142 537 2200 tui
558 2143 608 2216 sit,
632 2144 734 2203 nullus
755 2145 804 2202 hic
822 2145 907 2204 locus
927 2145 982 2203 tibi
1003 2152 1060 2204 est.

618 2313 647 2373 l.
690 2314 808 2373 Nobilis
826 2317 985 2391 imperitus.

349 2394 428 2457 Sunt
448 2396 612 2457 discolores
634 2399 773 2458 vestibus
792 2399 894 2475 plebs,
917 2400 1049 2459 nobiles.

349 2480 409 2542 Sed
432 2483 605 2542 concolores
630 2494 701 2543 sunt
724 2484 844 2558 utrique
865 2486 1011 2544 moribus.

348 2651 378 2708 5.
422 2651 546 2709 Amicus
570 2669 589 2708 a
609 2660 640 2709 te
664 2652 693 2710 si
713 2652 786 2725 quid
806 2660 968 2730 exspectat
991 2651 1075 2723 boni,

346 2734 384 2792 Id
402 2753 490 2794 omne
510 2735 599 2794 debet
619 2737 735 2812 expeti,
756 2752 819 2795 non
837 2738 979 2814 exprimi.

347 2820 475 2879 Extcrta
496 2822 648 2880 neminem
668 2821 816 2897 obligavit
834 2823 942 2899 gratie.

346 2908 375 2963 A
397 2925 460 2964 nou
484 2905 603 2964 volente
624 2904 702 2979 quod
723 2906 821 2980 detur,
845 2927 908 2966 non
928 2907 1036 2964 debeo.

348 3074 376 3133 6.
417 3073 581 3133 Illiberalis
601 3074 787 3152 indigentem
810 3092 902 3149 quum
925 3074 1017 3147 videt,

348 3159 564 3231 Occasionem,
586 3177 638 3216 cur
658 3159 733 3216 nihil
756 3160 818 3232 det,
839 3168 978 3234 occupat
1320 3209 1321 3214 ,

347 3243 425 3319 Quis
442 3251 473 3301 tu
490 3244 548 3303 es?
571 3244 643 3319 quid
659 3262 693 3302 es
708 3244 773 3302 mi?
791 3245 952 3320 proximus
966 3260 1033 3302 sum
1044 3251 1167 3321 egomet
1178 3239 1256 3311 mihi,
1320 3253 1322 3260 “

347 3326 417 3386 Hoc
435 3348 498 3385 non
519 3329 648 3401 habebo,
672 3328 751 3404 quod
773 3329 862 3388 dabo.
886 3328 1089 3406 Indigentiam

348 3411 524 3471 Contemnit
546 3413 677 3471 alienam
699 3413 763 3486 ille,
784 3414 835 3490 qui
856 3432 942 3473 soum
964 3414 1058 3471 timet.

348 3580 377 3639 7.
425 3584 557 3641 Assuete
578 3600 695 3659 pcuper
717 3583 852 3641 invidere
872 3582 966 3654 diviti,

348 3664 405 3726 Cui
425 3684 547 3743 semper
570 3667 635 3725 cius
660 3684 699 3725 ex
721 3666 812 3727 bonis
832 3667 912 3725 oculi
933 3666 1049 3739 dolent,

348 3748 506 3810 Contende
532 3758 621 3828 coptu
640 3769 707 3809 cum
731 3761 783 3810 tuo
803 3761 924 3828 coptum
944 3751 1038 3810 illius.

347 3832 520 3895 Habentice
541 3836 606 3895 eius
628 3844 661 3893 tu
682 3837 864 3910 aemuletur,
882 3836 931 3894 hic
951 3845 1021 3894 tuoe
1042 3842 1091 3893 est
