3000 4725
682 615 739 676 ¹9⁶

261 783 340 855 OM.
361 779 435 844 εἴτι
454 801 512 862 περ
537 779 688 866 ἀντιβολῶ
712 783 823 848 δειλῶς
837 784 895 842 σοῖν
906 781 1063 864 γράμματι
1075 781 1168 868 βαιῷ,

278 865 331 970 jv
355 867 395 974 μὴ
418 865 543 970 άναιδὲς
568 863 643 971 άγαρ
666 862 687 950 γ’]
710 869 744 932 τδ
770 863 912 971 δέρμα[,]
936 865 1033 972 δίδου.

259 951 471 1120 κίἰίιρλῗί
494 952 909 1114 λίαίὲίίείολλζλλίἱ
927 949 1064 1101 ίῖἷίίῗο·

258 1056 351 1182 οόουό
373 1055 564 1203 fiscum}
584 1119 635 1182 καί
651 1058 759 1204 λόίδιρ
778 1119 902 1182 δείκελα
923 1118 1075 1194 πλάττων,

295 1203 375 1266 αλλὰ
400 1201 495 1270 θεοὺς
518 1208 602 1266 ποιεῖ
622 1208 735 1287 μοῦνος
755 1205 770 1267 ό
793 1201 983 1285 λισσόμενος.

257 1374 339 1447 2,91.
361 1369 455 1454 εὖχος
474 1373 528 1432 τοῦ
545 1367 674 1452 κόσμου,
689 1373 750 1434 τῶν
771 1369 878 1449 όντων,
890 1367 1025 1452 Καῖσαρ,
1034 1366 1147 1453 έριιμα,

295 1455 330 1519 οὗ
351 1453 530 1537 πιδόμεσδα
550 1451 653 1516 πέλειν
677 1453 869 1537 σωζομένοιο
892 1452 995 1528 θεοὺς,

256 1540 283 1602 εἰ
301 1543 356 1603 σοῦ
378 1538 451 1607 τοὺς
470 1535 582 1606 όσσοος
604 1538 821 1622 αὐτοσχεδίοιο
843 1536 952 1602 πόνοιο

313 1623 389 1709 ιβλί’
413 1620 595 1703 ἀναγνόντος
610 1621 847 1692 δέλξανοίοιδαὶ
869 1621 952 1705 ἐμαί,

256 1626 345 1794 όόρα
368 1706 446 1792 τόχη
470 1708 603 1782 κώλοσε,
625 1708 725 1770 δοκεῖν
749 1707 880 1790 ποίησον
904 1703 953 1788 ἔμ’
979 1699 1093 1779 εἶναι’

294 1795 374 1855 ὥστε
397 1789 574 1861 κλείζεσθαι
595 1790 781 1874 παιδογόνον
804 1791 935 1876 τριάδος.

256 1876 309 1960 εἴγ’
330 1877 390 1941 οὐκ
410 1874 510 1958 ἤρεσα
533 1876 592 1951 σοὶ,
612 1875 684 1939 τόδε
708 1877 761 1959 μοὶ
782 1875 978 1959 παραμόίλιον
1003 1871 1093 1936 ἔστα.

294 1962 320 2024 εἰ
343 1961 380 2024 δέ
404 1982 453 2022 σοι
472 1958 574 2043 ἥρεά,
597 1960 667 2044 ἐμοὶ
690 1959 777 2024 ταῦτ’
804 1959 945 2044 ἐπίχειρα
969 1955 1068 2020 πέλοι.

255 2132 337 2205 9,18.
359 2127 441 2191 ἔστιν
455 2127 524 2211 ἐμοὶ
533 2129 598 2208 (καὶ
613 2129 705 2213 δηρὸν
721 2125 1044 2211 ἔοισέο,Καῖσαρ,ἐπ’
1055 2127 1168 2212 ἀρχῆς)

291 2215 411 2298 γήδιον,
430 2213 466 2274 ,ἐν
487 2213 522 2274 δὲ
544 2211 634 2276 πόλει
658 2214 710 2276 καὶ
735 2214 840 2297 μικρόν
859 2212 997 2276 οἰκίδιον.

254 2297 424 2384 όργανικοῖς
446 2297 481 2361 δὲ
499 2296 604 2365 πόνοις
623 2297 728 2403 ὀλίγης
750 2298 810 2361 ἀπὸ
832 2301 916 2380 νᾶμα
938 2298 1096 2382 φάραγγος

292 2384 427 2457 ἕλκεται,
450 2380 525 2444 ὥστ’
540 2382 642 2466 ἄρδειν
664 2406 795 2467 ορχατον
819 2382 963 2453 οἰζαλέον.

254 2468 322 2531 ἀλλ’
344 2470 361 2531 ό
384 2466 481 2550 δόμος
502 2468 610 2551 διψῶν,
635 2466 680 2531 ότι
704 2491 751 2550 μιν
774 2468 857 2551 ῥανὶς
879 2466 962 2534 οότις
983 2467 1083 2543 ἰαίνει,

290 2553 393 2615 κλαίει
415 2550 523 2635 καίπερ
548 2552 631 2633 ὕδωρ
655 2549 791 2634 Μάρτιον
813 2549 900 2634 ἐγγὺς
921 2550 1014 2636 ἔχων.

252 2634 285 2718 ἣν
307 2635 415 2721 λιβάδ’
435 2635 608 2719 ἡμετέροις,
628 2632 764 2719 Καῖσαρ,
792 2635 966 2718 μεγάροισιν
991 2634 1149 2711 όπάσσεις,

291 2717 448 2789 Κασταλὶς
468 2719 520 2803 ἥδ’
542 2718 628 2783 ἔσται
647 2720 698 2783 καὶ
722 2721 795 2788 Διὸς
818 2718 934 2803 ὄμβρος
960 2718 1040 2800 ἐμοί.

252 2889 341 2963 6,10.
372 2889 423 2950 τδν
445 2888 505 2950 Δία
522 2888 666 2971 χιλιάδας
688 2889 810 2969 παόρας
838 2887 970 2949 αἰτοῦντι
994 2909 1047 2968 μοι
1066 2885 1168 2969 ἀκμὴν

293 2972 342 3035 σοὶ
367 2970 461 3051 δότω,
480 2971 561 3040 ὅστις
585 2972 664 3056 ἐμοὶ,
688 2974 790 3057 φησὶν,
812 2970 913 3034 ἔδωκε
935 2972 1025 3033 νεών.

252 3053 293 3140 τῷ
314 3054 366 3117 Διῒ
391 3057 472 3118 δῶκε
495 3059 573 3119 νεὼν
597 3059 663 3138 μὲν,
684 3058 760 3141 ἀτάρ
787 3078 839 3138 μοι
860 3051 977 3139 χιλιάδ’
1000 3053 1061 3137 ἤδη

294 3138 411 3203 οότινα.
430 3140 524 3224 παῦρ’
547 3144 639 3205 αἰτεῖν
662 3145 713 3207 τὸν
736 3142 811 3205 θεὸν
836 3138 988 3221 αἰδέομαι.

253 3224 324 3287 ἀλλ’
348 3226 391 3293 ὡς
413 3224 565 3309 ἀνέφελος
586 3249 630 3303 τε,
648 3228 700 3289 καὶ
722 3230 765 3295 ῶς
787 3226 956 3306 ἀτάφακτος
979 3221 1110 3303 ἰδέσθαι,

294 3312 338 3377 ίος
361 3306 511 3391 ἀδόνητος
533 3310 610 3393 ἐμὰς
626 3310 744 3395 πρόσθε
764 3310 889 3372 δέδεντο
910 3307 1002 3375 λιτάς.

252 3396 334 3460 τοῖος
353 3396 416 3460 τοῖς
436 3392 546 3457 Δακῶν
571 3396 682 3463 ἱκέταις
703 3395 840 3477 διάδημα
863 3391 982 3467 δίδωσι,

293 3477 348 3545 τὰς
370 3474 605 3548 Καπιτωλείοος
629 3478 751 3543 τ”εἰσιν
775 3479 887 3542 ἄνεισιν
913 3475 1030 3545 όδοόςζ
1065 3493 1071 3508 ·

254 3560 280 3622 εἰ
303 3562 396 3630 τοίως
418 3561 516 3625 εἴωθ’-ι
530 3565 699 3640 ἀνανεύειν,
721 3568 788 3631 πῶς
810 3560 958 3635 ἐπινεύεις

296 3646 364 3708 εἰπὲ
386 3645 446 3709 θεολ
468 3648 618 3733 σόρβουλ’
643 3648 808 3733 ἡμετέροιο
832 3644 913 3714 Διός.

255 3726 336 3793 εἰπα.
356 3732 406 3793 καλ
426 3732 446 3813 ἡ
467 3734 521 3817 τὴν
540 3732 670 3816 Γοργόν’
692 3735 819 3818 ἀφεῖσα,
840 3732 874 3793 τδ
898 3730 939 3812 μὴ
955 3728 1047 3791 δοθὲν
1063 3726 1169 3805 εόδός,

298 3816 401 3897 φησὶν,
426 3816 612 3896 ἀπελπίζεις,
637 3818 734 3903 μωρὲ,
757 3814 984 3900 δοθησέμεναι,

908 3910 973 3972 13·
