3000 4725
704 572 857 668 ...Q-

323 742 367 801 Di
389 741 544 818 prohibete
567 742 666 800 nefas.
689 741 832 814 habeant,
856 759 931 816 qnos
950 748 1090 816 tempore
1111 740 1198 800 nullu

323 827 407 886 Laus
431 827 533 884 alienu
553 826 625 884 sinit
646 845 771 886 secunos
794 844 920 903 carpere
944 844 1080 896 somnos,

324 912 420 986 Inque
441 911 510 970 eliis
534 911 636 983 odere,
659 912 717 970 sibi
737 912 816 987 quod
836 913 948 969 abesse
967 918 1146 985 queruntur,

324 994 399 1056 Non
420 1014 499 1072 quos
520 996 662 1072 ingenuis
685 995 829 1056 decorent
852 996 1005 1054 netulibus
1028 1004 1125 1067 artus,
1188 1040 1194 1046 .

324 1081 365 1140 Et
384 1081 494 1156 quibus
514 1080 641 1140 incaluit
662 1100 815 1158 generoso
833 1081 981 1158 sanguine
1002 1089 1119 1156 pectus.
1315 1132 1316 1137 ,

324 1167 456 1227 Ventum
481 1167 589 1226 ested
610 1185 769 1226 summum.
795 1165 871 1226 nihil
892 1165 1036 1224 clitoris
1058 1164 1156 1240 iniqui

324 1249 477 1310 Dentibus
498 1251 643 1310 intectum
664 1259 722 1310 est.
749 1251 867 1322 scandit
887 1250 948 1310 iam
970 1250 1072 1308 sideru
1091 1249 1203 1327 pestis.
1315 1298 1316 1311 ,

326 1335 477 1412 Quocirca
496 1344 634 1396 moestae
654 1335 781 1395 deiectis
803 1335 936 1395 vultibus
957 1339 1048 1394 Artes

326 1421 432 1479 Exilio
451 1421 575 1480 voluere
597 1427 744 1479 nocentes
768 1429 886 1479 vertere
906 1429 1003 1478 terres
1315 1436 1316 1483 i

325 1505 450 1566 Exeiue
472 1505 575 1583 nigros
597 1524 698 1564 mores
721 1513 751 1562 et
771 1505 899 1564 crimina
921 1505 1026 1564 saecli.

1315 1056 1317 1109 i

325 1591 451 1666 Iamque
471 1591 503 1648 in
522 1591 681 1667 procinctu
700 1598 863 1663 steterunt,
887 1591 1060 1664 abitumque
1079 1589 1240 1665 putabunt,

326 1675 428 1752 Quum
451 1675 507 1734 tibi
527 1694 619 1748 mors,
639 1675 738 1751 Lipsi‚
762 1676 865 1734 fessos
887 1675 1019 1751 operiret
1036 1673 1165 1733 ocellos.

325 1761 444 1819 Invictu
467 1768 498 1818 ut
520 1761 616 1835 pietas
639 1761 789 1836 tantisper
808 1768 891 1819 sture
913 1761 1021 1837 coegit,

326 1844 409 1903 Dum
430 1865 574 1921 suprema
595 1839 648 1904 s'uo
671 1845 839 1904 solvissent
859 1846 942 1903 iuste
959 1845 1089 1921 pauenti.
1315 1840 1316 1925 J

326 1932 403 1990 Mox
425 1938 455 1988 te
476 1930 543 2001 illc,
564 1950 626 2004 quo
649 1936 682 1988 tu
705 1926 822 2006 fugisti,
845 1931 922 1988 celle
941 1940 1113 2004 sequentur.
1315 1968 1317 2045 γ

326 2014 415 2073 Felix
434 2035 453 2074 0
472 2015 597 2075 nimium
617 2015 703 2074 felix.
727 2016 899 2074 viventibus
926 2014 1011 2087 olim,
1315 2048 1316 2101 t

327 2099 442 2159 Vixisti
465 2099 588 2160 studiis:
610 2100 736 2158 mereris
755 2100 955 2158 morientibus
975 2099 1095 2157 iisdem.

483 2266 531 2327 10.
571 2269 768 2347 Epitaphium
789 2271 835 2326 Io.
858 2268 980 2326 Boneita·
1001 2270 1028 2324 Ι.
1052 2266 1083 2324 C.

326 2350 426 2427 Qune,
447 2351 595 2425 Boiselle‚
619 2353 676 2411 fuit
700 2362 839 2412 votorum
862 2372 981 2411 summu
1003 2361 1129 2424 tuorum,

370 2436 418 2495 En
437 2438 588 2497 volvenda
606 2438 684 2495 ultro
704 2439 833 2497 contulit
852 2439 925 2496 horu.
942 2437 1006 2497 tibi.

329 2521 422 2597 Quod
442 2542 501 2581 non
525 2523 651 2581 ulterius
674 2523 764 2583 terris
789 2523 950 2583 considere
974 2522 1080 2593 velles,

371 2605 470 2681 Quem
491 2608 606 2683 patriae
625 2604 737 2684 posses
763 2608 845 2667 utilis
869 2626 938 2665 esse
958 2617 1037 2665 tuce.
1074 2679 1078 2684 .

328 2689 410 2749 Nam
432 2694 568 2766 quumvis
592 2694 702 2751 haustu
719 2692 905 2751 Phoebaeee
928 2692 1005 2751 lucis
1026 2692 1145 2749 ademto

369 2775 524 2854 Perpetua
542 2787 612 2836 ente
636 2778 742 2837 oculos
762 2798 827 2835 nox
850 2778 934 2835 stetit
954 2785 1019 2835 atre
1037 2784 1122 2835 tuos:

327 2860 517 2921 Indelibutue
536 2864 632 2921 virtus
651 2872 755 2921 temen
776 2863 894 2940 integra
916 2863 1039 2933 mentis,

369 2946 410 3005 Et
430 2967 485 3023 pro
507 2947 643 3007 sollicitis
667 2948 798 3025 impigre
819 2947 985 3019 caturcis,
1029 3003 1033 3007 Α

328 3028 457 3108 Semper
479 3033 638 3091 inextincti
660 3032 781 3090 suffecit
802 3032 925 3091 luminis
949 3050 1048 3102 usum,

371 3114 475 3176 Civica
496 3136 549 3191 pro
569 3116 668 3175 dubiis
693 3116 799 3175 litibus
819 3136 904 3175 arms
926 3118 1039 3175 ferens.

327 3204 373 3259 Ac
396 3219 537 3277 supreme
558 3201 630 3261 licet
651 3202 750 3279 spatio
772 3202 827 3261 tibi
847 3203 909 3261 vitu
931 3209 1054 3277 peracto
1106 3201 1108 3204 ’

372 3282 547 3362 Stringebat
565 3294 661 3345 metus
684 3286 826 3345 interiore
850 3294 934 3345 rota:

327 3369 481 3442 Mansisti,
506 3380 537 3429 ut
557 3390 666 3447 posses
690 3372 806 3446 patriae
830 3390 1012 3448 componere
1032 3369 1118 3438 lites3

371 3454 539 3529 Postquain
561 3464 710 3533 perpetus
730 3456 784 3513 lite
806 3456 938 3529 laborat,
963 3456 1039 3513 abis.

468 3624 515 3681 11.
559 3626 755 3700 Epitaphium
778 3626 898 3703 Georpii
919 3626 1104 3685 Bucianuni.

326 3706 497 3784 Postquam
516 3709 605 3767 laude
628 3717 685 3766 tua'
701 3712 843 3787 patrium,
863 3711 1040 3785 meritisque
1061 3708 1171 3779 beasti,

281 3793 287 3878 ι’
371 3793 567 3867 Buchunene,
589 3795 650 3853 tuis
672 3793 753 3855 Solis
775 3804 936 3871 utrumque
951 3796 1050 3854 lutust
