3000 4725
736 622 886 716 -17-8—

400 786 529 870 ἄγγελος
556 784 590 849 ἐκ
611 784 751 868 Σαρδοῦς
772 785 879 869 οἴκαδε
899 787 1094 870 νισσομένου.
1186 837 1190 848 ,

360 957 466 1031 11‚69.
491 933 654 1016 θύσονίοιο
678 955 810 1039 θεάτρου
827 956 877 1017 ,ἐνὶ
897 953 1072 1040 θρεφθεῖσα
1095 956 1222 1036 κυνηγοῖς

400 1039 489 1122 ἀγρίη
515 1038 546 1100 ἐν
566 1038 639 1122 δρυό
664 1063 719 1116 οις,
741 1041 816 1124 ήπίη
831 1040 873 1102 ’ἐν
895 1040 1040 1124 μεγάροις

356 1124 453 1207 Λυδίη
478 1123 611 1206 ἐκλήθην
634 1063 757 1208 θέξτριρ
778 1131 822 1209 τῷ
843 1125 965 1209 κτήτορι
983 1125 1084 1205 πιστὴ,
1307 1090 1308 1157 θ

401 1207 482 1276 ὅστις
501 1205 535 1269 άν
560 1207 596 1270 ού
619 1210 678 1290 πρὸ
702 1207 784 1291 ἐμεῖ’
809 1209 874 1271 εἷλε
894 1211 945 1272 τὸν
962 1206 1134 1293 Ἠριγόνης,

358 1291 426 1361 οὐδ’
451 1292 484 1360 ὃς
506 1292 566 1355 ἀπὸ
591 1297 711 1375 σκιερής
735 1294 845 1377 Δίκτης
868 1293 917 1356 ἐπὶ
939 1292 1110 1377 φωσφόρον
1130 1289 1192 1354 Ἠὼ
1307 1294 1308 1373 γ

400 1374 571 1459 ἑσπόμενος
592 1372 732 1461 Κεφάλῳ
755 1377 886 1461 οὐρανὸν
911 1377 1066 1461 εἰσανέβη.
1197 1411 1201 1418 -

358 1461 395 1524 ού
420 1458 536 1544 μακρός
562 1482 600 1540 με
625 1461 699 1544 βίος,
722 1461 773 1524 καὶ
792 1463 923 1549 ἀχρήϊος
942 1459 1068 1547 ἔσβεσεν
1091 1463 1177 1535 αἰὼν,

402 1545 467 1611 οἷος
490 1546 505 1608 ὁ
529 1543 647 1626 πότμος
668 1543 727 1629 ἔφυ
752 1545 931 1631 Δουλιχίοιο
952 1545 1051 1613 κυνός.

360 1627 501 1775 νυν
522 1631 764 1775 νθιιυιο
778 1635 792 1647 ·
807 1631 1052 1782 κοίνου

359 1773 435 1862 οὐδ’Ι
451 1735 612 1881 άκάχήμαι
633 1761 714 1860 ίοίίσ)
739 1775 798 1862 θπδ
821 1800 875 1883 τήν
897 1798 997 1880 Στύγα
1019 1797 1129 1882 καίπερ
1152 1793 1231 1877 άονρό

402 1882 438 1945 ού
459 1881 516 1964 γὰρ
539 1883 672 1944 καλλίων
695 1881 732 1966 ἦν
753 1882 848 1967 μόρος
868 1883 975 1951 εὐκτὸς
996 1883 1076 1965 ἐμοί.

362 2054 409 2124 13,
421 2054 471 2112 52.
486 2054 600 2131 νήσσαν
610 2050 928 2134 ὅληνπαράθες,τδνδ
939 2043 1255 2135 αὐχένανόστιμοςέοτὶ

487 2135 539 2196 καὶ
561 2135 599 2196 τὰ
622 2134 740 2218 στέρνα.
763 2135 800 2198 τὰ
820 2135 847 2198 δ’
862 2134 902 2198 αὖ
925 2135 1018 2198 λοιπὰ
1038 2137 1182 2218 μάγειρος
1191 2130 1254 2215 ἔχθῑ·

255 2267 265 2290 ,
362 2219 504 2300 14‚75.÷1
525 2217 691 2302 Φιλομήλα
713 2219 786 2302 άγος
807 2217 930 2304 Τηρήος
951 2219 1104 2302 ὀδύρεται,
1125 2221 1145 2302 ή
1169 2240 1199 2280 τε

488 2301 619 2387 πρόσθεν
642 2303 725 2365 ἐούσ’
755 2304 863 2379 άνεονς,
890 2303 994 2389 όρνεον
1019 2305 1081 2367 ἐστὶ
1104 2306 1206 2367 λάλον.

364 2390 411 2463 14,
421 2392 472 2451 73.
488 2387 629 2470 ψίττακος
643 2387 763 2471 οὔνομα
772 2396 830 2452 τῶν
842 2390 945 2454 ἄλλων
960 2390 1118 2473 παρὰσεῖο
1133 2388 1255 2471 μάθοιμι.

490 2470 662 2555 αὐτόματος
684 2469 806 2557 Καῖσαρ
853 2478 921 2557 αἶρε
943 2472 1041 2555 λέγειν
1066 2476 1171 2556 ἐδάην.

364 2560 472 2631 13,74.
488 2554 569 2639 ὅρνις
591 2554 691 2619 ἔσωσε
713 2560 790 2620 νεὼν
841 2561 969 2641 αρπήϊον
992 2560 1060 2643 ήδε.
1083 2559 1113 2620 τί
1132 2562 1242 2639 θαῦμας

488 2640 523 2703 ού
544 2640 601 2723 γδιρ
625 2641 799 2725 ἐγηγερκὼς
822 2642 858 2727 ήν
884 2642 963 2711 Θεὸς
986 2643 1078 2707 αὐτὸν
1102 2640 1156 2706 ἔτι.

364 2730 412 2801 13,
423 2731 474 2788 58.
488 2727 592 2809 χηνὸς,
604 2724 672 2809 όρα,
686 2728 822 2810 μεγάλου
834 2732 901 2795 πῶς
914 2734 1017 2810 μεῖζον
1032 2728 1167 2811 ἀείρεται
1178 2726 1255 2810 ἧπαρ.

488 2810 656 2892 θαυμάζων
682 2813 801 2896 φήσεις,
821 2818 881 2875 πού
902 2812 966 2876 τύδ’
989 2811 1191 2894 ἐπηυίάνετο;

365 2898 473 2972 13,61.
489 2895 519 2957 ἐν
545 2894 706 2977 όρνιθείοις
731 2898 940 2979 νοστιμιοτάτη
963 2899 1072 2981 χυλοῖς

488 2986 548 3043 τῶν
574 2979 749 3062 άτταγήνονν
773 2979 836 3043 ἔστ’
853 2980 998 3045 Ἰωνικῶν
1021 2985 1132 3060 γεῦσις.

366 3067 413 3139 13,
425 3066 474 3127 45.
490 3066 517 3126 εἰ
537 3063 625 3146 γαίης
643 3064 757 3148 Λιβύης
778 3066 829 3128 καὶ
851 3066 988 3133 Φάσιδος
1011 3063 1137 3149 εἴχομεν
1166 3065 1257 3149 όρνέις,

490 3145 620 3233 ἔλλαβες
644 3147 690 3211 άν.
714 3154 765 3211 νῦν
789 3148 815 3211 δ’
837 3147 875 3211 ού
903 3149 972 3218 δέξο
994 3151 1189 3218 κατοικιδίας.

365 3234 413 3305 13,
424 3234 473 3293 62.
490 3231 564 3315 οίκῳ
587 3232 618 3293 ἐν
643 3232 782 3317 ὀρφναίιρ
802 3234 943 3304 σιτίζεται
964 3232 1044 3317 όρνις
1067 3234 1190 3319 ἀλεύρῳ

488 3317 567 3398 ἡδέϊ.
590 3319 620 3381 λι
643 3318 725 3401 νείης
748 3318 800 3387 ὀξὺ
825 3316 963 3402 σόφισμα
985 3316 1082 3379 πόλει.

366 3402 414 3476 13,
425 3402 474 3461 49.
491 3400 662 3485 βοσκομινη
687 3403 835 3485 γλυκερὸν
860 3408 951 3466 σῦκον
974 3402 1025 3466 καὶ
1048 3402 1178 3486 βότρυας
1189 3399 1259 3483 ἡδεῖς

489 3484 568 3547 τίπτ)
589 3484 678 3567 ὄνομ’
693 3484 729 3548 ού
755 3488 870 3570 μᾶλλον
894 3488 991 3549 δῶκεν
1015 3487 1031 3548 ό
1053 3485 1164 3571 βότρυς
1185 3483 1257 3569 ἐμοί;

367 3571 414 3644 13,
425 3572 475 3632 64.
489 3570 620 3651 τηϋσίως
638 3570 740 3655 άγόνῳ
760 3570 954 3635 όποπέπτιοκ’
978 3570 1058 3654 ὄρνις
1079 3571 1197 3655 ἀκοίτη.

490 3657 579 3716 τοῦτο
604 3654 678 3722 θεᾶς
700 3652 844 3740 Κυβέλης
866 3656 972 3739 όρνεον
996 3654 1073 3717 εἶναι
1093 3653 1168 3718 ἔδει.

366 3741 414 3813 13,
425 3741 475 3800 63.
490 3737 650 3846 ἀβληχράς
671 3740 813 3824 ἐπίορκος
840 3740 913 3809 δδύξ
940 3742 991 3887 μγγ
1004 3741 1119 3824 βλάπτε
1140 3736 1257 3812 πελειάς,

493 3844 577 3905 ειπερ
600 3822 777 3892 ἐποπτεύεις
797 3824 848 3908 ἱρά
867 3826 943 3893 θεάς
992 3823 1097 3907 νιδίης.
