<?xml version="1.0" encoding="UTF-8"?>
<!DOCTYPE html PUBLIC "-//W3C//DTD XHTML 1.0 Transitional//EN"
    "http://www.w3.org/TR/xhtml1/DTD/xhtml1-transitional.dtd">
<html xmlns="http://www.w3.org/1999/xhtml" xml:lang="en" lang="en">
 <head>
  <title>
</title>
<meta http-equiv="Content-Type" content="text/html;charset=utf-8" />
  <meta name='ocr-system' content='tesseract 3.04.00' />
  <meta name='ocr-capabilities' content='ocr_page ocr_carea ocr_par ocr_line ocrx_word'/>
</head>
<body>
  <div class='ocr_page' id='page_1' title='image "./iosephiscaliger00scalgoog_0111.png"; bbox 0 0 3000 4725; ppageno 0'>
   <div class='ocr_carea' id='block_1_1' title="bbox 565 650 759 745">
    <p class='ocr_par' dir='ltr' id='par_1_1' title="bbox 565 650 759 745">
     <span class='ocr_line' id='line_1_1' title="bbox 565 650 759 745; baseline 0 0"><span class='ocrx_word' id='word_1_1' title='bbox 565 723 567 728; x_wconf 64' lang='grc'><em>,</em></span> <span class='ocrx_word' id='word_1_2' title='bbox 607 650 759 745; x_wconf 56' lang='lat' dir='ltr'><strong>,Q</strong></span> 
     </span>
    </p>
   </div>
   <div class='ocr_carea' id='block_1_2' title="bbox 240 809 1140 1068">
    <p class='ocr_par' dir='ltr' id='par_1_2' title="bbox 240 809 1140 1068">
     <span class='ocr_line' id='line_1_2' title="bbox 268 809 918 898; baseline 0.006 -24"><span class='ocrx_word' id='word_1_3' title='bbox 268 809 305 874; x_wconf 81' lang='grc' dir='ltr'><strong>Ὦ</strong></span> <span class='ocrx_word' id='word_1_4' title='bbox 326 811 398 875; x_wconf 81' lang='grc' dir='ltr'>πόσι</span> <span class='ocrx_word' id='word_1_5' title='bbox 419 813 554 896; x_wconf 82' lang='grc' dir='ltr'><strong>ἐκμήνας</strong></span> <span class='ocrx_word' id='word_1_6' title='bbox 577 813 692 896; x_wconf 73' lang='grc' dir='ltr'><strong>τούμὸν</strong></span> <span class='ocrx_word' id='word_1_7' title='bbox 721 813 813 898; x_wconf 84' lang='grc' dir='ltr'><strong>ἔρωτι</strong></span> <span class='ocrx_word' id='word_1_8' title='bbox 831 813 918 897; x_wconf 72' lang='grc' dir='ltr'><strong>κέαρ.</strong></span> 
     </span>
     <span class='ocr_line' id='line_1_3' title="bbox 240 893 1140 983; baseline 0.003 -25"><span class='ocrx_word' id='word_1_9' title='bbox 240 893 293 958; x_wconf 81' lang='grc' dir='ltr'><strong>Νῦν</strong></span> <span class='ocrx_word' id='word_1_10' title='bbox 314 897 373 960; x_wconf 79' lang='grc' dir='ltr'><strong>δ’ὃ</strong></span> <span class='ocrx_word' id='word_1_11' title='bbox 393 897 495 965; x_wconf 74' lang='grc' dir='ltr'><strong>θέλεις</strong></span> <span class='ocrx_word' id='word_1_12' title='bbox 587 897 660 982; x_wconf 76' lang='grc' dir='ltr'>ἄνερ</span> <span class='ocrx_word' id='word_1_13' title='bbox 683 896 823 980; x_wconf 78' lang='grc' dir='ltr'>ἔσσομαι.</span> <span class='ocrx_word' id='word_1_14' title='bbox 845 899 911 961; x_wconf 75' lang='grc' dir='ltr'>ἀντὶ</span> <span class='ocrx_word' id='word_1_15' title='bbox 932 899 1087 983; x_wconf 78' lang='grc' dir='ltr'><strong>δάμαρτος</strong></span> <span class='ocrx_word' id='word_1_16' title='bbox 1106 896 1140 961; x_wconf 73' lang='grc' dir='ltr'><strong>δ’</strong></span> 
     </span>
     <span class='ocr_line' id='line_1_4' title="bbox 273 979 1045 1068; baseline 0.004 -25"><span class='ocrx_word' id='word_1_17' title='bbox 273 979 344 1044; x_wconf 72' lang='lat' dir='ltr'><strong>Afas</strong></span> <span class='ocrx_word' id='word_1_18' title='bbox 366 981 478 1052; x_wconf 68' lang='lat' dir='ltr'><strong>telae</strong></span> <span class='ocrx_word' id='word_1_19' title='bbox 504 982 540 1046; x_wconf 82' lang='lat' dir='ltr'><strong>ub</strong></span> <span class='ocrx_word' id='word_1_20' title='bbox 565 982 594 1043; x_wconf 83' lang='grc' dir='ltr'><strong>δ’</strong></span> <span class='ocrx_word' id='word_1_21' title='bbox 619 983 702 1050; x_wconf 75' lang='grc' dir='ltr'>ὅλως</span> <span class='ocrx_word' id='word_1_22' title='bbox 724 981 788 1044; x_wconf 77' lang='grc' dir='ltr'>ἴσθι</span> <span class='ocrx_word' id='word_1_23' title='bbox 806 1005 859 1064; x_wconf 80' lang='grc' dir='ltr'><strong>μοι</strong></span> <span class='ocrx_word' id='word_1_24' title='bbox 880 984 946 1045; x_wconf 82' lang='grc' dir='ltr'><strong>ἀντὶ</strong></span> <span class='ocrx_word' id='word_1_25' title='bbox 966 984 1045 1068; x_wconf 80' lang='grc' dir='ltr'><strong>βίου.</strong></span> 
     </span>
    </p>
   </div>
   <div class='ocr_carea' id='block_1_3' title="bbox 522 1230 845 1324">
    <p class='ocr_par' dir='ltr' id='par_1_3' title="bbox 522 1230 845 1324">
     <span class='ocr_line' id='line_1_5' title="bbox 522 1230 845 1324; baseline -0.003 -15"><span class='ocrx_word' id='word_1_26' title='bbox 522 1230 640 1309; x_wconf 81' lang='lat' dir='ltr'><strong>lllllll</strong></span> <span class='ocrx_word' id='word_1_27' title='bbox 665 1230 845 1324; x_wconf 75' lang='lat' dir='ltr'><strong>llllblllbl.</strong></span> 
     </span>
    </p>
   </div>
   <div class='ocr_carea' id='block_1_4' title="bbox 234 1400 1058 3332">
    <p class='ocr_par' dir='ltr' id='par_1_4' title="bbox 234 1400 1058 3332">
     <span class='ocr_line' id='line_1_6' title="bbox 566 1400 810 1478; baseline 0.004 -21"><span class='ocrx_word' id='word_1_28' title='bbox 566 1404 591 1458; x_wconf 87' lang='lat' dir='ltr'><strong>l.</strong></span> <span class='ocrx_word' id='word_1_29' title='bbox 625 1400 810 1478; x_wconf 72' lang='lat' dir='ltr'><strong><em>Superstitio.</em></strong></span> 
     </span>
     <span class='ocr_line' id='line_1_7' title="bbox 236 1483 868 1561; baseline 0.003 -20"><span class='ocrx_word' id='word_1_30' title='bbox 236 1483 392 1561; x_wconf 88' lang='lat' dir='ltr'><strong>Postquam</strong></span> <span class='ocrx_word' id='word_1_31' title='bbox 415 1486 541 1545; x_wconf 88' lang='lat' dir='ltr'><strong>suborta</strong></span> <span class='ocrx_word' id='word_1_32' title='bbox 561 1487 718 1544; x_wconf 83' lang='lat' dir='ltr'><strong>criminum</strong></span> <span class='ocrx_word' id='word_1_33' title='bbox 742 1485 868 1545; x_wconf 78' lang='lat' dir='ltr'><strong>licentia</strong></span> 
     </span>
     <span class='ocr_line' id='line_1_8' title="bbox 237 1569 828 1641; baseline 0 -15"><span class='ocrx_word' id='word_1_34' title='bbox 237 1569 386 1629; x_wconf 79' lang='lat' dir='ltr'><strong>labefecit</strong></span> <span class='ocrx_word' id='word_1_35' title='bbox 408 1571 507 1628; x_wconf 88' lang='lat' dir='ltr'><strong>almae</strong></span> <span class='ocrx_word' id='word_1_36' title='bbox 528 1571 671 1629; x_wconf 76' lang='lat' dir='ltr'>Veritatis</span> <span class='ocrx_word' id='word_1_37' title='bbox 694 1569 828 1641; x_wconf 88' lang='lat' dir='ltr'><strong>moenia,</strong></span> 
     </span>
     <span class='ocr_line' id='line_1_9' title="bbox 236 1653 933 1732; baseline 0 -20"><span class='ocrx_word' id='word_1_38' title='bbox 236 1653 310 1726; x_wconf 82' lang='lat' dir='ltr'><strong>Quae</strong></span> <span class='ocrx_word' id='word_1_39' title='bbox 330 1675 445 1714; x_wconf 90' lang='lat' dir='ltr'><strong>numen</strong></span> <span class='ocrx_word' id='word_1_40' title='bbox 464 1655 565 1732; x_wconf 90' lang='lat' dir='ltr'><strong>ipsum</strong></span> <span class='ocrx_word' id='word_1_41' title='bbox 588 1655 724 1714; x_wconf 84' lang='lat' dir='ltr'><strong>condidit</strong></span> <span class='ocrx_word' id='word_1_42' title='bbox 744 1654 837 1712; x_wconf 89' lang='lat' dir='ltr'><strong>verbo</strong></span> <span class='ocrx_word' id='word_1_43' title='bbox 860 1672 933 1712; x_wconf 85' lang='lat' dir='ltr'><strong>suo:</strong></span> 
     </span>
     <span class='ocr_line' id='line_1_10' title="bbox 235 1737 875 1817; baseline 0.002 -21"><span class='ocrx_word' id='word_1_44' title='bbox 235 1737 333 1798; x_wconf 88' lang='lat' dir='ltr'><strong>Palam</strong></span> <span class='ocrx_word' id='word_1_45' title='bbox 350 1740 520 1817; x_wconf 82' lang='lat' dir='ltr'><strong>imperatus</strong></span> <span class='ocrx_word' id='word_1_46' title='bbox 543 1748 574 1798; x_wconf 86' lang='lat' dir='ltr'><strong>et</strong></span> <span class='ocrx_word' id='word_1_47' title='bbox 593 1749 733 1816; x_wconf 86' lang='lat' dir='ltr'><strong>recaptus</strong></span> <span class='ocrx_word' id='word_1_48' title='bbox 755 1739 875 1816; x_wconf 84' lang='lat' dir='ltr'><strong>legibus</strong></span> 
     </span>
     <span class='ocr_line' id='line_1_11' title="bbox 235 1823 889 1902; baseline -0.002 -21"><span class='ocrx_word' id='word_1_49' title='bbox 235 1825 383 1902; x_wconf 82' lang='lat' dir='ltr'><strong>Augustus</strong></span> <span class='ocrx_word' id='word_1_50' title='bbox 409 1845 503 1898; x_wconf 87' lang='lat' dir='ltr'><strong>error,</strong></span> <span class='ocrx_word' id='word_1_51' title='bbox 527 1835 693 1902; x_wconf 86' lang='lat' dir='ltr'><strong>sanctaque</strong></span> <span class='ocrx_word' id='word_1_52' title='bbox 714 1823 889 1902; x_wconf 79' lang='lat' dir='ltr'><strong>ignorantia</strong></span> 
     </span>
     <span class='ocr_line' id='line_1_12' title="bbox 234 1907 920 1988; baseline 0.001 -22"><span class='ocrx_word' id='word_1_53' title='bbox 234 1907 364 1970; x_wconf 81' lang='lat' dir='ltr'><strong>Defensa</strong></span> <span class='ocrx_word' id='word_1_54' title='bbox 386 1910 535 1987; x_wconf 87' lang='lat' dir='ltr'><strong>paulatim</strong></span> <span class='ocrx_word' id='word_1_55' title='bbox 557 1910 764 1988; x_wconf 84' lang='lat' dir='ltr'><strong>impudentiae</strong></span> <span class='ocrx_word' id='word_1_56' title='bbox 782 1908 920 1979; x_wconf 79' lang='lat' dir='ltr'><strong>ausibus,</strong></span> 
     </span>
     <span class='ocr_line' id='line_1_13' title="bbox 234 1992 806 2072; baseline -0.002 -19"><span class='ocrx_word' id='word_1_57' title='bbox 234 1992 293 2054; x_wconf 89' lang='lat' dir='ltr'><strong>Usu</strong></span> <span class='ocrx_word' id='word_1_58' title='bbox 312 2003 445 2072; x_wconf 79' lang='lat' dir='ltr'><strong>tyranno</strong></span> <span class='ocrx_word' id='word_1_59' title='bbox 467 2004 556 2054; x_wconf 85' lang='lat' dir='ltr'><strong>nacta</strong></span> <span class='ocrx_word' id='word_1_60' title='bbox 578 1997 639 2053; x_wconf 85' lang='lat' dir='ltr'><strong>rim</strong></span> <span class='ocrx_word' id='word_1_61' title='bbox 660 1994 806 2058; x_wconf 79' lang='lat' dir='ltr'><strong>scientiae</strong></span> 
     </span>
     <span class='ocr_line' id='line_1_14' title="bbox 235 2077 868 2156; baseline -0.003 -20"><span class='ocrx_word' id='word_1_62' title='bbox 235 2077 396 2140; x_wconf 87' lang='lat' dir='ltr'><strong>Hominum</strong></span> <span class='ocrx_word' id='word_1_63' title='bbox 418 2081 545 2156; x_wconf 88' lang='lat' dir='ltr'><strong>supinas</strong></span> <span class='ocrx_word' id='word_1_64' title='bbox 566 2080 768 2140; x_wconf 76' lang='lat' dir='ltr'><strong>conscientias</strong></span> <span class='ocrx_word' id='word_1_65' title='bbox 791 2079 868 2156; x_wconf 83' lang='lat' dir='ltr'><strong>ligat</strong></span> 
     </span>
     <span class='ocr_line' id='line_1_15' title="bbox 234 2163 938 2240; baseline 0 -21"><span class='ocrx_word' id='word_1_66' title='bbox 234 2163 343 2224; x_wconf 84' lang='lat' dir='ltr'><strong>Vocum</strong></span> <span class='ocrx_word' id='word_1_67' title='bbox 365 2165 522 2238; x_wconf 81' lang='lat' dir='ltr'><strong>numellis,</strong></span> <span class='ocrx_word' id='word_1_68' title='bbox 546 2166 685 2224; x_wconf 79' lang='lat' dir='ltr'><strong>cassibus</strong></span> <span class='ocrx_word' id='word_1_69' title='bbox 705 2164 938 2240; x_wconf 85' lang='lat' dir='ltr'><strong>sophismatum.</strong></span> 
     </span>
     <span class='ocr_line' id='line_1_16' title="bbox 235 2248 819 2327; baseline 0 -21"><span class='ocrx_word' id='word_1_70' title='bbox 235 2248 384 2311; x_wconf 86' lang='lat' dir='ltr'><strong>Iniuriosa</strong></span> <span class='ocrx_word' id='word_1_71' title='bbox 407 2249 514 2308; x_wconf 88' lang='lat' dir='ltr'><strong>deiude</strong></span> <span class='ocrx_word' id='word_1_72' title='bbox 535 2251 637 2327; x_wconf 89' lang='lat' dir='ltr'><strong>pietas</strong></span> <span class='ocrx_word' id='word_1_73' title='bbox 657 2250 687 2307; x_wconf 91' lang='lat' dir='ltr'><strong>in</strong></span> <span class='ocrx_word' id='word_1_74' title='bbox 707 2249 819 2318; x_wconf 86' lang='lat' dir='ltr'><strong>Deum,</strong></span> 
     </span>
     <span class='ocr_line' id='line_1_17' title="bbox 236 2331 1058 2411; baseline -0.002 -18"><span class='ocrx_word' id='word_1_75' title='bbox 236 2334 325 2409; x_wconf 81' lang='lat' dir='ltr'><strong>Quem</strong></span> <span class='ocrx_word' id='word_1_76' title='bbox 345 2336 455 2395; x_wconf 88' lang='lat' dir='ltr'><strong>metuit</strong></span> <span class='ocrx_word' id='word_1_77' title='bbox 473 2336 610 2409; x_wconf 84' lang='lat' dir='ltr'><strong>horrens,</strong></span> <span class='ocrx_word' id='word_1_78' title='bbox 630 2344 660 2394; x_wconf 84' lang='lat' dir='ltr'><strong>et</strong></span> <span class='ocrx_word' id='word_1_79' title='bbox 679 2335 842 2411; x_wconf 76' lang='lat' dir='ltr'><strong>profanans</strong></span> <span class='ocrx_word' id='word_1_80' title='bbox 856 2351 951 2410; x_wconf 66' lang='lat' dir='ltr'><strong>¹(luem</strong></span> <span class='ocrx_word' id='word_1_81' title='bbox 974 2331 1058 2392; x_wconf 82' lang='lat' dir='ltr'><strong>colit:</strong></span> 
     </span>
     <span class='ocr_line' id='line_1_18' title="bbox 236 2419 971 2499; baseline -0.004 -20"><span class='ocrx_word' id='word_1_82' title='bbox 236 2419 316 2495; x_wconf 86' lang='lat' dir='ltr'><strong>Tum,</strong></span> <span class='ocrx_word' id='word_1_83' title='bbox 339 2440 421 2499; x_wconf 87' lang='lat' dir='ltr'><strong>quae</strong></span> <span class='ocrx_word' id='word_1_84' title='bbox 441 2420 590 2498; x_wconf 88' lang='lat' dir='ltr'><strong>imperitis</strong></span> <span class='ocrx_word' id='word_1_85' title='bbox 611 2421 677 2481; x_wconf 88' lang='lat' dir='ltr'><strong>sola</strong></span> <span class='ocrx_word' id='word_1_86' title='bbox 697 2420 971 2491; x_wconf 67' lang='lat' dir='ltr'><strong>velamentum,</strong></span> 
     </span>
     <span class='ocr_line' id='line_1_19' title="bbox 234 2504 919 2582; baseline -0.003 -19"><span class='ocrx_word' id='word_1_87' title='bbox 234 2504 310 2565; x_wconf 84' lang='lat' dir='ltr'><strong>Falsi</strong></span> <span class='ocrx_word' id='word_1_88' title='bbox 330 2514 482 2579; x_wconf 86' lang='lat' dir='ltr'><strong>vetustus,</strong></span> <span class='ocrx_word' id='word_1_89' title='bbox 504 2515 594 2582; x_wconf 89' lang='lat' dir='ltr'><strong>atque</strong></span> <span class='ocrx_word' id='word_1_90' title='bbox 615 2506 722 2581; x_wconf 87' lang='lat' dir='ltr'><strong>culpae</strong></span> <span class='ocrx_word' id='word_1_91' title='bbox 742 2504 919 2577; x_wconf 84' lang='lat' dir='ltr'><strong>auctoritas,</strong></span> 
     </span>
     <span class='ocr_line' id='line_1_20' title="bbox 235 2589 883 2668; baseline -0.002 -21"><span class='ocrx_word' id='word_1_92' title='bbox 235 2589 458 2651; x_wconf 87' lang='lat' dir='ltr'><strong>Lenocinantur</strong></span> <span class='ocrx_word' id='word_1_93' title='bbox 481 2591 589 2649; x_wconf 90' lang='lat' dir='ltr'><strong>mentis</strong></span> <span class='ocrx_word' id='word_1_94' title='bbox 613 2610 722 2668; x_wconf 85' lang='lat' dir='ltr'><strong>aegrae</strong></span> <span class='ocrx_word' id='word_1_95' title='bbox 747 2590 883 2661; x_wconf 83' lang='lat' dir='ltr'><strong>somniis,</strong></span> 
     </span>
     <span class='ocr_line' id='line_1_21' title="bbox 235 2674 936 2753; baseline -0.001 -20"><span class='ocrx_word' id='word_1_96' title='bbox 235 2674 348 2735; x_wconf 79' lang='lat' dir='ltr'><strong>Etiam</strong></span> <span class='ocrx_word' id='word_1_97' title='bbox 371 2676 496 2735; x_wconf 87' lang='lat' dir='ltr'><strong>labante</strong></span> <span class='ocrx_word' id='word_1_98' title='bbox 518 2676 635 2753; x_wconf 86' lang='lat' dir='ltr'><strong>pariete</strong></span> <span class='ocrx_word' id='word_1_99' title='bbox 658 2676 806 2735; x_wconf 87' lang='lat' dir='ltr'><strong>inclinant</strong></span> <span class='ocrx_word' id='word_1_100' title='bbox 827 2674 936 2751; x_wconf 79' lang='lat' dir='ltr'><strong>magis,</strong></span> 
     </span>
     <span class='ocr_line' id='line_1_22' title="bbox 235 2758 910 2837; baseline -0.004 -18"><span class='ocrx_word' id='word_1_101' title='bbox 235 2758 347 2821; x_wconf 89' lang='lat' dir='ltr'><strong>Stultae</strong></span> <span class='ocrx_word' id='word_1_102' title='bbox 370 2759 491 2821; x_wconf 87' lang='lat' dir='ltr'><strong>Suadae</strong></span> <span class='ocrx_word' id='word_1_103' title='bbox 513 2760 672 2837; x_wconf 86' lang='lat' dir='ltr'><strong>splendide</strong></span> <span class='ocrx_word' id='word_1_104' title='bbox 693 2760 791 2817; x_wconf 84' lang='lat' dir='ltr'><strong>fallax</strong></span> <span class='ocrx_word' id='word_1_105' title='bbox 816 2778 910 2830; x_wconf 90' lang='lat' dir='ltr'><strong>amor,</strong></span> 
     </span>
     <span class='ocr_line' id='line_1_23' title="bbox 235 2843 853 2921; baseline 0.002 -21"><span class='ocrx_word' id='word_1_106' title='bbox 235 2844 324 2907; x_wconf 85' lang='lat' dir='ltr'><strong>Vanis</strong></span> <span class='ocrx_word' id='word_1_107' title='bbox 345 2848 380 2905; x_wconf 92' lang='lat' dir='ltr'><strong>in</strong></span> <span class='ocrx_word' id='word_1_108' title='bbox 401 2846 510 2905; x_wconf 85' lang='lat' dir='ltr'><strong>animis</strong></span> <span class='ocrx_word' id='word_1_109' title='bbox 532 2847 583 2921; x_wconf 89' lang='lat' dir='ltr'><strong>qui</strong></span> <span class='ocrx_word' id='word_1_110' title='bbox 601 2845 758 2905; x_wconf 86' lang='lat' dir='ltr'><strong>curticulos</strong></span> <span class='ocrx_word' id='word_1_111' title='bbox 779 2843 853 2921; x_wconf 79' lang='lat' dir='ltr'><strong>agit,</strong></span> 
     </span>
     <span class='ocr_line' id='line_1_24' title="bbox 235 2928 819 3000; baseline -0.003 -12"><span class='ocrx_word' id='word_1_112' title='bbox 235 2928 272 2988; x_wconf 91' lang='lat' dir='ltr'><strong>Ut</strong></span> <span class='ocrx_word' id='word_1_113' title='bbox 293 2930 439 2990; x_wconf 79' lang='lat' dir='ltr'><strong>Veritatis</strong></span> <span class='ocrx_word' id='word_1_114' title='bbox 459 2932 584 2991; x_wconf 86' lang='lat' dir='ltr'><strong>subruat</strong></span> <span class='ocrx_word' id='word_1_115' title='bbox 605 2930 819 3000; x_wconf 85' lang='lat' dir='ltr'><strong>constantiam,</strong></span> 
     </span>
     <span class='ocr_line' id='line_1_25' title="bbox 237 3013 821 3086; baseline -0.002 -15"><span class='ocrx_word' id='word_1_116' title='bbox 237 3013 308 3073; x_wconf 88' lang='lat' dir='ltr'><strong>Tum</strong></span> <span class='ocrx_word' id='word_1_117' title='bbox 323 3016 448 3086; x_wconf 45' lang='lat' dir='ltr'><strong>,fortuiti</strong></span> <span class='ocrx_word' id='word_1_118' title='bbox 470 3016 541 3074; x_wconf 88' lang='lat' dir='ltr'><strong>ficta</strong></span> <span class='ocrx_word' id='word_1_119' title='bbox 563 3016 708 3075; x_wconf 87' lang='lat' dir='ltr'><strong>maiestas</strong></span> <span class='ocrx_word' id='word_1_120' title='bbox 730 3014 821 3085; x_wconf 87' lang='lat' dir='ltr'><strong>sacri,</strong></span> 
     </span>
     <span class='ocr_line' id='line_1_26' title="bbox 235 3097 873 3161; baseline -0.002 -5"><span class='ocrx_word' id='word_1_121' title='bbox 235 3097 341 3159; x_wconf 86' lang='lat' dir='ltr'><strong>Fraudi</strong></span> <span class='ocrx_word' id='word_1_122' title='bbox 365 3100 501 3161; x_wconf 87' lang='lat' dir='ltr'><strong>colorem</strong></span> <span class='ocrx_word' id='word_1_123' title='bbox 522 3101 720 3161; x_wconf 86' lang='lat' dir='ltr'><strong>castimoniae</strong></span> <span class='ocrx_word' id='word_1_124' title='bbox 739 3098 873 3157; x_wconf 76' lang='lat' dir='ltr'><strong>illinunt</strong></span> 
     </span>
     <span class='ocr_line' id='line_1_27' title="bbox 235 3180 954 3263; baseline -0.007 -20"><span class='ocrx_word' id='word_1_125' title='bbox 235 3182 286 3244; x_wconf 80' lang='lat' dir='ltr'><strong>ltu</strong></span> <span class='ocrx_word' id='word_1_126' title='bbox 308 3204 432 3261; x_wconf 87' lang='lat' dir='ltr'><strong>semper</strong></span> <span class='ocrx_word' id='word_1_127' title='bbox 453 3186 569 3263; x_wconf 85' lang='lat' dir='ltr'><strong>aliquid</strong></span> <span class='ocrx_word' id='word_1_128' title='bbox 588 3186 668 3261; x_wconf 91' lang='lat' dir='ltr'><strong>quod</strong></span> <span class='ocrx_word' id='word_1_129' title='bbox 689 3185 783 3243; x_wconf 85' lang='lat' dir='ltr'><strong>refert</strong></span> <span class='ocrx_word' id='word_1_130' title='bbox 802 3180 954 3241; x_wconf 83' lang='lat' dir='ltr'><strong>mendacii</strong></span> 
     </span>
     <span class='ocr_line' id='line_1_28' title="bbox 236 3268 863 3332; baseline -0.003 -5"><span class='ocrx_word' id='word_1_131' title='bbox 236 3268 267 3327; x_wconf 92' lang='lat' dir='ltr'><strong>In</strong></span> <span class='ocrx_word' id='word_1_132' title='bbox 287 3272 457 3332; x_wconf 85' lang='lat' dir='ltr'><strong>claritatem</strong></span> <span class='ocrx_word' id='word_1_133' title='bbox 481 3271 572 3331; x_wconf 87' lang='lat' dir='ltr'><strong>dubia</strong></span> <span class='ocrx_word' id='word_1_134' title='bbox 592 3270 754 3330; x_wconf 88' lang='lat' dir='ltr'><strong>stultorum</strong></span> <span class='ocrx_word' id='word_1_135' title='bbox 776 3269 863 3326; x_wconf 84' lang='lat' dir='ltr'><strong>fides.</strong></span> 
     </span>
    </p>
   </div>
   <div class='ocr_carea' id='block_1_5' title="bbox 237 3439 1018 3943">
    <p class='ocr_par' dir='ltr' id='par_1_5' title="bbox 237 3439 1018 3685">
     <span class='ocr_line' id='line_1_29' title="bbox 504 3439 875 3499; baseline -0.008 -2"><span class='ocrx_word' id='word_1_136' title='bbox 504 3440 532 3498; x_wconf 77' lang='lat'><strong>2.</strong></span> <span class='ocrx_word' id='word_1_137' title='bbox 571 3439 663 3499; x_wconf 82' lang='lat' dir='ltr'><strong>Amor</strong></span> <span class='ocrx_word' id='word_1_138' title='bbox 679 3439 875 3498; x_wconf 74' lang='lat' dir='ltr'><strong>monachatus.</strong></span> 
     </span>
     <span class='ocr_line' id='line_1_30' title="bbox 237 3520 1018 3594; baseline -0.001 -13"><span class='ocrx_word' id='word_1_139' title='bbox 237 3520 410 3583; x_wconf 72' lang='lat' dir='ltr'><strong>sitandam</strong></span> <span class='ocrx_word' id='word_1_140' title='bbox 433 3524 465 3581; x_wconf 90' lang='lat' dir='ltr'><strong>iu</strong></span> <span class='ocrx_word' id='word_1_141' title='bbox 488 3525 590 3583; x_wconf 85' lang='lat' dir='ltr'><strong>animo</strong></span> <span class='ocrx_word' id='word_1_142' title='bbox 614 3524 723 3583; x_wconf 83' lang='lat' dir='ltr'><strong>statuis</strong></span> <span class='ocrx_word' id='word_1_143' title='bbox 747 3542 817 3581; x_wconf 87' lang='lat' dir='ltr'><strong>esse</strong></span> <span class='ocrx_word' id='word_1_144' title='bbox 840 3521 1018 3594; x_wconf 83' lang='lat' dir='ltr'><strong>maximam,</strong></span> 
     </span>
     <span class='ocr_line' id='line_1_31' title="bbox 237 3605 912 3685; baseline -0.003 -18"><span class='ocrx_word' id='word_1_145' title='bbox 237 3605 357 3667; x_wconf 85' lang='lat' dir='ltr'><strong>Servire</strong></span> <span class='ocrx_word' id='word_1_146' title='bbox 378 3609 497 3685; x_wconf 89' lang='lat' dir='ltr'><strong>patriae</strong></span> <span class='ocrx_word' id='word_1_147' title='bbox 518 3609 708 3685; x_wconf 89' lang='lat' dir='ltr'><strong>publicisque</strong></span> <span class='ocrx_word' id='word_1_148' title='bbox 731 3607 912 3679; x_wconf 90' lang='lat' dir='ltr'><strong>commodis,</strong></span> 
     </span>
    </p>

    <p class='ocr_par' dir='ltr' id='par_1_6' title="bbox 237 3689 922 3943">
     <span class='ocr_line' id='line_1_32' title="bbox 238 3689 922 3769; baseline 0.003 -19"><span class='ocrx_word' id='word_1_149' title='bbox 238 3689 305 3753; x_wconf 84' lang='lat' dir='ltr'><strong>Sive</strong></span> <span class='ocrx_word' id='word_1_150' title='bbox 331 3695 364 3752; x_wconf 93' lang='lat' dir='ltr'><strong>in</strong></span> <span class='ocrx_word' id='word_1_151' title='bbox 385 3692 511 3767; x_wconf 86' lang='lat' dir='ltr'><strong>Senatu,</strong></span> <span class='ocrx_word' id='word_1_152' title='bbox 536 3695 653 3753; x_wconf 88' lang='lat' dir='ltr'><strong>sivein</strong></span> <span class='ocrx_word' id='word_1_153' title='bbox 675 3693 746 3751; x_wconf 87' lang='lat' dir='ltr'><strong>aula</strong></span> <span class='ocrx_word' id='word_1_154' title='bbox 767 3692 922 3769; x_wconf 88' lang='lat' dir='ltr'><strong>Principis</strong></span> 
     </span>
     <span class='ocr_line' id='line_1_33' title="bbox 238 3775 821 3857; baseline 0.002 -24"><span class='ocrx_word' id='word_1_155' title='bbox 238 3775 280 3835; x_wconf 90' lang='lat' dir='ltr'><strong>Te</strong></span> <span class='ocrx_word' id='word_1_156' title='bbox 301 3780 365 3839; x_wconf 87' lang='lat' dir='ltr'><strong>vita</strong></span> <span class='ocrx_word' id='word_1_157' title='bbox 387 3796 508 3857; x_wconf 86' lang='lat' dir='ltr'><strong>semper</strong></span> <span class='ocrx_word' id='word_1_158' title='bbox 526 3788 653 3840; x_wconf 88' lang='lat' dir='ltr'><strong>actuosa</strong></span> <span class='ocrx_word' id='word_1_159' title='bbox 675 3777 821 3850; x_wconf 85' lang='lat' dir='ltr'><strong>exercuit,</strong></span> 
     </span>
     <span class='ocr_line' id='line_1_34' title="bbox 237 3859 825 3943; baseline 0.002 -24"><span class='ocrx_word' id='word_1_160' title='bbox 237 3859 327 3923; x_wconf 91' lang='lat' dir='ltr'><strong>Domi</strong></span> <span class='ocrx_word' id='word_1_161' title='bbox 346 3866 479 3938; x_wconf 87' lang='lat' dir='ltr'><strong>beatum,</strong></span> <span class='ocrx_word' id='word_1_162' title='bbox 501 3865 670 3943; x_wconf 80' lang='lat' dir='ltr'><strong>gloriosum</strong></span> <span class='ocrx_word' id='word_1_163' title='bbox 690 3863 825 3941; x_wconf 88' lang='lat' dir='ltr'><strong>publice:</strong></span> 
     </span>
    </p>
   </div>
   <div class='ocr_carea' id='block_1_6' title="bbox 0 0 1506 4725">
    <p class='ocr_par' dir='ltr' id='par_1_7' title="bbox 0 0 1506 4725">
     <span class='ocr_line' id='line_1_35' title="bbox 0 0 1506 4725; baseline 0 0"><span class='ocrx_word' id='word_1_164' title='bbox 0 0 1506 4725; x_wconf 95' lang='lat' dir='ltr'><strong> </strong></span> 
     </span>
    </p>
   </div>
  </div>
 </body>
</html>
