3000 4725
771 716 923 810 Α

390 882 452 960 Qui
472 883 570 942 nescit
591 881 687 954 illam,
708 900 868 959 perperam
889 886 947 945 seit
969 894 1116 946 caeteras.

389 1052 440 1112 20.
485 1050 556 1110 Tibi
577 1051 650 1109 mali
669 1071 775 1111 omnes
797 1053 955 1113 invident?
977 1064 1008 1113 at
1027 1075 1087 1114 non
1109 1057 1194 1116 boni.

388 1139 428 1197 Et
450 1136 563 1196 nemini
583 1155 702 1209 omnes,
727 1137 868 1197 omnibus
892 1159 980 1198 nemo
995 1140 1119 1198 invidet.

389 1306 440 1365 21.
483 1304 533 1364 Ne
555 1306 693 1364 eumaeus
716 1324 829 1382 quaere
849 1326 976 1368 caussas
1000 1309 1147 1382 omnium,

389 1390 593 1465 Quaecunque
613 1390 700 1449 libris
717 1391 764 1449 vis
783 1391 1007 1468 Prophetarum
1029 1394 1140 1452 indidit

388 1477 502 1535 Afflata
523 1474 621 1548 caelo,
643 1474 735 1552 plena
758 1478 861 1535 ueraci
882 1477 963 1536 Deo.

389 1561 458 1619 Nee
481 1567 589 1637 operta
613 1560 692 1618 sacri
716 1578 851 1637 supparo
873 1561 987 1624 silentii

387 1647 561 1723 Irrumpere
581 1645 669 1716 aude,
693 1645 748 1703 sed
769 1647 918 1722 pudenter
939 1647 1082 1724 praeteri.

389 1730 520 1790 Nescire
539 1729 630 1801 velle,
650 1748 728 1804 quae
750 1733 897 1809 magister
916 1731 1068 1790 maximus

388 1816 506 1875 Docere
526 1834 583 1872 non
607 1813 693 1886 ruit„
707 1815 825 1874 erudita
845 1817 970 1876 inscitia
991 1823 1047 1875 est.

389 1985 441 2043 22.
486 1981 521 2044 Si
542 1990 571 2040 ts
594 1981 757 2058 Tyrannus
782 1981 863 2042 falsa
889 1984 1024 2062 adegerit
1044 1985 1141 2061 loqui,

388 2067 476 2128 Nihil
497 2068 674 2126 indecorum
693 2085 750 2124 nec
771 2066 852 2126 bono
873 2068 933 2142 fao,
956 2088 1012 2128 nec
1036 2070 1108 2129 viro.

390 2152 552 2214 Servilium
574 2151 601 2209 ai
623 2152 783 2210 verberum
805 2152 935 2212 intentat
958 2155 1068 2227 minas,

370 2237 425 2299 ·si
447 2238 534 2297 triste
555 2236 662 2308 letum,
683 2236 835 2313 gratulare
856 2247 889 2296 tu
909 2238 975 2311 tibi,

390 2322 480 2397 Quod
500 2330 530 2381 te
550 2321 684 2398 experiri
706 2321 781 2379 dura
802 2342 857 2398 per
876 2324 1062 2396 discrimina,

389 2408 503 2482 Quanti
521 2396 699 2465 aestimares
721 2407 891 2483 veritatem,
913 2410 1048 2487 contigit.

389 2492 540 2553 Constare
562 2511 658 2570 parvo
678 2499 762 2549 tanta
784 2511 834 2553 rea
857 2515 916 2552 uon
935 2495 1047 2553 debuit.

388 2579 558 2637 Poenarum
580 2576 690 2634 acerba
703 2576 789 2634 'ridet
811 2582 920 2651 audax,
944 2579 1048 2637 omnia

388 2663 450 2722 Pro
471 2664 598 2723 veritate
620 2660 784 2735 quinaret,
804 2683 858 2740 pm
877 2684 912 2723 se
931 2664 1015 2723 nihil.

389 2835 441 2892 23.
484 2831 553 2892 Noa
576 2835 736 2907 sciscitari,
760 2855 813 2893 cur
835 2833 947 2893 Catoni
967 2853 1027 2891 non
1048 2834 1162 2906 datum,

390 2919 490 2994 Quam
514 2936 566 2976 our
587 2920 691 2978 datum
711 2922 750 2979 sit
772 2918 951 2996 praemium,
973 2919 1090 2976 mavult
1110 2917 1199 2990 Cato,

389 3002 534 3064 Soiscens
554 3004 593 3062 ab
613 3005 694 3063 omni
715 3014 803 3081 parte
823 3005 962 3063 virtutem
986 3004 1107 3061 unicum

386 3088 515 3147 Virtutis
540 3107 609 3148 ease
630 3091 811 3166 praemium,
835 3107 925 3147 omne
946 3096 1081 3149 temnere

386 3174 518 3232 Paratus
539 3173 618 3233 ultro
642 3174 670 3233 si
691 3175 849 3234 offeratur:
872 3173 1041 3231 Maximum
1065 3181 1113 3231 eat

387 3258 511 3317 Ambire
531 3257 622 3331 nollo,
645 3277 736 3334 quum
758 3259 867 3316 mereri
888 3257 1008 3316 sufficit.

387 3343 536 3419 Accipere
554 3343 633 3401 nolle
653 3363 744 3419 quam
767 3343 887 3416 mereri,
911 3343 1009 3401 maius
1034 3350 1090 3400 est.

388 3511 439 3570 24.
484 3510 627 3571 Oblatum
648 3512 798 3571 honorem
818 3511 942 3570 reiicis?
966 3509 1134 3582 considera,

387 3595 470 3655 Num
490 3596 589 3655 fastus
609 3595 696 3669 illud,
716 3596 887 3656 rusticusve
908 3596 948 3654 ait
968 3595 1077 3673 pudor.

388 3680 483 3741 Aufer
503 3680 652 3739 cavillum.
677 3682 803 3741 comiter
823 3682 867 3741 sie
887 3681 991 3753 reiice,

388 3765 458 3826 Non
481 3766 568 3841 quasi
585 3784 731 3825 recusans
754 3766 934 3843 praemium,
957 3763 1011 3824 sed
1033 3763 1188 3821 differens.

388 3935 439 3996 25.
482 3933 601 3994 Natura
622 3937 660 4001 ab
681 3936 766 3995 omni
783 3941 989 4011 comparatum
1011 3928 1058 3992 est
1076 3940 1214 4009 tempore
1308 4013 1309 4022 ἵ
