3000 4725
704 581 764 641 103

272 747 422 807 Admovet
445 751 606 808 obsessor:
629 759 787 810 venturam
812 751 943 828 desuper
963 752 1031 810 urbi

272 832 339 894 Urit
359 832 508 908 defensor·
525 836 669 894 saturatis
690 835 807 894 sulfure
829 836 900 894 vivo

271 916 435 990 Malleolis‚
458 919 606 994 piceoque
627 919 784 980 instructis
804 921 875 997 igne
895 920 1049 997 maniplis.

271 1003 331 1060 Aut
350 1003 455 1062 subito
478 1022 636 1080 emergens
659 1007 757 1079 portis
778 1006 908 1064 obsessa
926 1005 1067 1066 iuventus

271 1086 477 1147 Flammiferis
498 1089 616 1148 facibus
639 1090 762 1148 dextras
782 1098 900 1148 minata
920 1099 1063 1157 nocentes

271 1171 331 1229 Per
350 1173 489 1248 periture
512 1193 620 1250 vagam
637 1177 761 1252 spargit
781 1175 949 1233 munimina
966 1184 1096 1252 pestem,

272 1256 306 1316 In
330 1275 389 1315 sue
410 1258 573 1318 frustratos
595 1258 701 1318 hostes
724 1259 854 1317 tentoria
874 1278 999 1336 cogens.

274 1339 402 1400 Caetera
423 1342 495 1416 quid
516 1344 657 1415 referum,
680 1363 759 1420 qnae
777 1343 895 1402 Phoebi
916 1346 1039 1402 numine
1062 1347 1165 1423 plenis

273 1425 441 1500 Exeqnitur
463 1427 539 1486 velis
561 1428 629 1486 aevi
649 1447 794 1488 mansura
814 1449 871 1506 per
893 1430 984 1488 orbes

273 1511 396 1588 Lipsius
421 1511 606 1586 innumeros,
629 1513 802 1588 chartisque
825 1522 949 1572 aeterna
969 1510 1112 1589 sacravit]

273 1597 379 1656 Prisca
397 1615 455 1673 per
475 1598 618 1665 assiduos
641 1600 820 1674 complexus
842 1599 921 1657 facta
943 1599 1087 1659 labores?

275 1679 329 1754 Qui
348 1700 521 1757 quanquam
545 1683 604 1741 hoc
633 1691 717 1742 tanto
743 1684 880 1741 devinxit
897 1685 1025 1760 pignore
1048 1695 1167 1762 gentes,

274 1763 391 1824 Natura
406 1774 508 1825 tamen
530 1768 568 1825 ad
589 1787 725 1827 summos
744 1777 904 1850 revocante
926 1778 1063 1844 paratus,

274 1850 405 1910 Inseruit
429 1851 517 1909 coelo
541 1852 680 1932 uigilacis
702 1853 819 1911 lumine
841 1854 952 1912 mentis

275 1933 354 1995 Scite
378 1937 577 1996 instaurando
600 1938 739 2014 neglecta
761 1938 914 2014 prioribus
935 1939 1036 2010 aunis,

272 2020 409 2082 Porticus
432 2024 548 2079 Actaea
568 2023 721 2096 quondam
744 2042 822 2098 qnae
845 2023 947 2081 sanxit
963 2023 995 2080 in
1020 2024 1110 2082 urber

273 2105 310 2162 Et
330 2113 451 2165 veteres
476 2105 613 2166 Senecae
636 2106 773 2166 recolens
794 2108 969 2182 praedivitis
992 2109 1096 2166 hortos

273 2189 434 2266 Excerpsit
455 2191 563 2250 florum
587 2191 724 2270 digestos
747 2192 831 2249 mille
854 2192 980 2282 colores.

274 2275 338 2350 Quo
359 2283 391 2332 te
409 2283 598 2352 praeteream
623 2275 744 2336 Corneli
767 2296 876 2354 magne
896 2276 1006 2353 piaclo,

274 2359 427 2437 Tempora
447 2380 537 2437 quem
556 2382 708 2437 nunquam
720 2362 859 2421 Tacitum
880 2371 1008 2421 ventura
1024 2361 1189 2420 tacebunt?

273 2440 330 2517 Qui
351 2446 439 2503 modo
456 2466 611 2523 purpurea
629 2460 791 2510 renovatus
814 2450 950 2505 membra
971 2449 1104 2517 iuventa,

261 2528 314 2597 ‚Ut
334 2548 425 2605 quem
447 2532 593 2591 cinamcis
611 2541 756 2608 reparent
775 2533 916 2590 incendia
938 2532 1030 2603 nidis,

273 2612 362 2674 Seola
383 2614 488 2673 decem
510 2617 627 2691 quoties
651 2617 726 2675 vixit
745 2616 917 2675 Phoebeius
939 2635 1042 2687 oscen,

274 2698 426 2775 Quicquid
450 2720 495 2773 es,
520 2702 590 2759 huic
611 2708 707 2759 totum
731 2702 837 2773 debes,
861 2703 910 2759 oui
929 2702 1062 2777 plurima
1079 2698 1172 2758 debet

272 2783 413 2856 Mundus,
439 2793 469 2842 et
491 2786 633 2860 antiquae
654 2786 787 2863 gaudent
809 2805 869 2862 quo
891 2786 1011 2844 vindice
1033 2784 1166 2855 chartae,

273 2867 352 2928 Oura
376 2870 487 2945 quibus
508 2869 608 2947 Lipsii
629 2870 783 2947 fugientes
805 2870 936 2928 reddidit
957 2887 1063 2947 annos.

312 2952 442 3029 Singula
463 2955 518 3013 sed
535 2954 616 3015 laxis
638 2956 887 3013 circumvectatus
908 2954 1036 3013 habenis

270 3038 433 3115 Exputior‚
454 3039 544 3097 celeri
567 3048 706 3116 raptante
728 3058 784 3115 per
804 3058 995 3111 oetaeum,

270 3121 351 3181 Dum
373 3142 422 3180 me
443 3125 655 3201 praecipitem,
677 3124 778 3201 Lipsi‚
800 3132 852 3181 tna
876 3125 1011 3182 maxima
1032 3124 1128 3183 virtus

271 3207 381 3285 Ignota
404 3209 530 3286 regione
552 3210 641 3284 rapit,
667 3228 765 3285 neque
786 3210 922 3286 suppetit
942 3209 1030 3266 ardor

272 3290 404 3352 Conanti
425 3295 556 3369 spatium
579 3295 659 3353 vasti
682 3294 888 3352 transmittere
911 3296 1021 3369 campi,

272 3375 327 3437 Oui
349 3379 402 3436 vix
425 3379 539 3437 emisso
561 3380 598 3437 de
624 3379 728 3436 limine
751 3378 895 3450 carceris,
918 3386 1000 3452 ante,

273 3462 370 3537 Quam
392 3464 479 3541 tetigi
499 3474 608 3536 metas,
626 3482 719 3541 aeger
740 3464 833 3521 trabit
853 3463 908 3520 ilia
927 3464 1046 3539 pulsus.

273 3546 362 3622 Quod
384 3547 502 3622 damus,
525 3549 656 3607 officium
680 3548 756 3606 satis
779 3556 836 3620 est,
858 3568 916 3605 non
937 3566 1070 3627 carmen,
1091 3555 1188 3612 amico

273 3630 421 3708 Impendi‚
445 3653 484 3691 ne
507 3652 566 3693 nos
590 3651 681 3692 succo
704 3632 841 3709 loliginis
864 3640 948 3689 atrae

275 3712 422 3790 suffusos,
441 3726 493 3776 aut
513 3719 647 3777 invidiae
670 3717 825 3775 maduisse
847 3734 967 3776 veneno

274 3797 402 3860 Postera
425 3802 472 3860 vel
498 3804 612 3875 credet,
635 3802 683 3861 vel
704 3820 853 3878 praesens
877 3809 985 3879 arguat
1004 3811 1100 3862 aetas.
