3000 4725
703 580 854 673 jog-

318 740 392 802 Non
413 744 462 802 hic
484 754 624 807 veternas
648 747 842 808 domrientem
866 751 984 825 coepiat

320 828 493 889 Obliuionis
512 832 667 906 Equitium
690 834 896 893 Melanthium.
957 858 961 865 ·

318 912 459 988 Namque
481 915 537 975 ibit
556 917 613 975 ibit
630 914 783 977 nauticum
804 919 843 978 ad
866 920 968 979 Rithri
988 921 1100 995 sinum,

323 998 363 1056 Et
386 997 487 1058 Neriti
507 1019 666 1061 cacumen:
686 1004 852 1063 intuebitur

252 1085 307 1138 770
323 1082 438 1143 Vastos
462 1094 588 1161 penates
612 1106 725 1162 susque
748 1090 845 1163 deque
863 1088 999 1149 funditus

322 1168 439 1245 Lux[u]
460 1189 620 1246 procorum
643 1174 782 1249 turpium.
802 1182 835 1231 at
858 1181 979 1249 scraptu
999 1174 1140 1250 improba

324 1252 467 1329 Speciose
487 1256 657 1315 adulterato
678 1258 816 1316 corrodet
836 1258 968 1331 domum,

322 1338 411 1397 Luxu
434 1340 546 1399 miselli
566 1343 702 1402 absentis
726 1342 886 1401 effundens
903 1362 989 1419 opes.

321 1430 422 1498 Atque
441 1426 507 1500 ipse
524 1427 635 1485 ibidem
661 1428 854 1503 pluraquam
875 1429 908 1485 in
931 1428 1037 1489 Scaeis
1059 1428 1142 1486 mala

253 1506 305 1560 775
323 1509 438 1568 Videns
461 1509 669 1584 famelicosus,
693 1532 712 1569 a
731 1512 903 1572 domesticis

320 1594 420 1653 Minas
443 1603 542 1653 toroso
566 1596 689 1655 tetricas
713 1597 806 1656 dorso
828 1597 891 1673 peti

323 1677 435 1739 Sennis
457 1698 615 1755 repressus
639 1682 745 1754 discet,
769 1690 801 1739 et
820 1682 968 1757 pavirier·
1037 1718 1041 1723 -

321 1763 438 1841 Pugnis
460 1764 583 1840 iniquis,
607 1766 807 1843 frivolumque
829 1767 969 1827 iactibus.

322 1847 390 1907 Nec
411 1850 532 1907 insueta
555 1852 649 1929 flagra
669 1860 753 1910 sunt:
775 1852 929 1911 uberrima

253 1940 305 1995 780
322 1932 416 1991 Vibix
439 1933 541 1993 nianct
560 1934 710 1996 Thoantis
731 1937 764 1993 in
781 1938 876 2013 tergis
894 1937 992 1995 adbuc

322 2020 430 2079 Lentis
451 2020 563 2079 botulis
583 2022 709 2096 sculpto,
729 2040 806 2095 qnue
826 2022 903 2081 trico
920 2040 1033 2081 nocens

323 2102 419 2163 Siccis
442 2106 529 2182 genis
552 2106 689 2183 infligere
712 2105 933 2180 exhortabitur,

323 2187 445 2247 Gratam
471 2190 601 2247 libenter
623 2191 740 2265 corpori
760 2190 937 2266 insculpens
948 2199 1060 2270 ‘notatu

323 2273 365 2332 Ut
388 2275 510 2332 nescios
532 2274 646 2333 illectet
668 2274 794 2334 oculatis
821 2276 910 2335 malis

255 2363 306 2416 785
323 2357 454 2430 Hostes,
476 2361 608 2435 querelis
628 2361 791 2436 principem
812 2361 959 2420 inducens
982 2379 1104 2421 senem:

326 2441 421 2515 Quem
441 2443 607 2522 Bombylea
627 2446 728 2518 vallis,
752 2454 783 2503 et
801 2446 965 2505 Temmicia

324 2528 441 2586 Infame
463 2530 549 2589 nobis
572 2539 652 2588 terra
673 2532 818 2607 produxit
836 2532 957 2604 malum,

325 2612 468 2673 Servatus
487 2635 565 2674 unus
586 2617 751 2674 navitarum
769 2616 800 2673 in
821 2617 958 2690 patriam.

323 2698 483 2758 Postremo
507 2700 604 2775 qualis
627 2700 709 2758 larus
735 2700 1003 2777 angerinensem,

255 2784 307 2838 700
326 2783 473 2859 Salsaque
497 2805 601 2843 murex
623 2804 732 2860 corpus
754 2787 835 2842 unda
857 2787 1017 2856 exercitus,

324 2870 481 2929 Exhausto
501 2871 575 2928 luxu
596 2869 811 2929 Proniensinm
835 2872 914 2930 bona

327 2955 408 3014 Olim
432 2975 449 3012 a
467 2956 606 3013 Lacaena
626 2956 728 3031 putida
747 2956 906 3015 offendens
925 2955 1005 3028 1000,

325 3039 421 3099 Portu
439 3040 545 3099 relicto
566 3059 674 3115 passus
698 3041 816 3098 occidet
838 3059 935 3098 senex

326 3124 440 3184 Corvus
464 3127 519 3184 sub
543 3127 634 3187 armis
654 3125 755 3184 Neriti
770 3126 857 3185 lucos
871 3142 987 3200 ¹prope:

256 3205 308 3260 795
327 3210 424 3284 Quem
447 3211 540 3268 latere
564 3212 650 3269 fosso
673 3211 775 3284 cuspis
797 3209 972 3268 incurabilis

326 3295 425 3352 Piscis
446 3297 565 3354 necabit
583 3295 686 3354 000100
711 3293 862 3354 Sardonii.

325 3378 484 3452 Notusque
504 3382 597 3455 patris
620 3380 756 3442 carnifex
775 3380 941 3449 vocabitun

326 3463 455 3522 Achillis
478 3464 531 3521 ills
553 3466 756 3524 consobrinus
779 3464 927 3540 coniugis.

325 3549 404 3612 Post
424 3548 514 3607 funus
538 3569 679 3626 augurem
698 3551 832 3625 Eurytus
852 3547 982 3623 0000100
1002 3545 1093 3619 colet,

257 3626 310 3680 ⁸0⁰
326 3635 367 3693 Et
389 3626 440 3708 qbi
462 3634 559 3692 cubile
580 3634 770 3710 Tramphyee
791 3634 906 3692 celsum
926 3639 1025 3701 tenet:

327 3720 364 3777 In
387 3738 446 3794 qua
465 3720 585 3777 necabit
607 3719 768 3778 Herculem
790 3737 895 3777 rursus
917 3716 1005 3777 druco

278 3857 279 3866 ,
328 3804 521 3882 Tymphaeus
544 3806 576 3863 in
598 3805 744 3877 convivio,
765 3823 822 3862 rex
843 3801 1012 3872 Aetbicnm,
1067 3825 1071 3830 ·
