3000 4725
340 792 392 865 ἘΕ
417 792 559 876 ἀκμόνων
582 814 625 866 τε,
651 796 703 873 τῆς
725 818 757 857 τε
778 795 982 881 χειρωναξίας

342 878 582 950 Χαλκολτόπου,
597 876 757 959 σφύραισιν
770 879 1007 963 ἐξωπλισμένης.
1031 880 1254 953 [χαλκοκώποοὲ]

343 963 411 1049 Κᾴκ
434 966 494 1025 τῶν
514 960 693 1043 κακούργων
718 964 866 1028 τεκτόνων
889 967 1019 1047 γείσσων
1043 967 1103 1030 ἄπο

343 1048 521 1133 Κεραμίδυς
543 1044 638 1128 ἄκρης
661 1048 798 1133 λευσίμῳ
818 1052 994 1132 πετρώματι

343 1132 472 1217 Κάρηνα
495 1129 641 1213 καιρίοισι
666 1132 861 1213 θρυπτόντων
884 1136 1002 1217 βολαῖς,

343 1217 405 1282 Καὶ
428 1220 501 1299 κῆρ’
526 1215 649 1297 ἑτοίμην
673 1222 725 1299 τῆς
746 1219 933 1301 ἀπειλούσης
954 1220 1058 1283 δοκοῦ.

344 1301 413 1366 Τῶν
435 1308 463 1363 τ’
490 1300 520 1361 ἐν
548 1299 732 1383 δρυφάκτοις
753 1304 869 1385 θηρίων
892 1305 1080 1387 δικηφάγων,

344 1386 406 1451 Καὶ
426 1390 486 1449 τῶν
508 1381 562 1445 ἀπ’
588 1384 685 1466 αὐλῆς
706 1389 874 1450 κνωδάλων
899 1389 1083 1471 δυσωνύμου

340 1473 460 1555 Ἀργῶν
484 1469 623 1551 πιθήκων
649 1471 713 1533 ῶτα
736 1472 980 1555 διατετρημένων

344 1555 484 1640 Κρίκοισι
506 1554 557 1616 καὶ
579 1551 719 1635 κόμαισιν
744 1556 959 1640 ἐξησκημένων

345 1638 583 1721 Γυναικομίμυις
610 1640 789 1723 βοστρύχων
808 1637 1011 1723 κη’πεύμασιν.

339 1723 465 1811 Ὄχλων
488 1746 520 1785 τε
540 1727 599 1784 τῶν
628 1724 657 1784 ἐν
683 1725 821 1809 εὐσεβῶν
845 1732 952 1809 ψυχῶν
977 1724 1063 1813 φόνῳ

344 1812 499 1892 Σφαγαῖσι
520 1810 550 1868 τ’
573 1807 713 1889 ἐξάγιστα
739 1812 902 1894 βαψάντων
925 1811 995 1894 ξίφη

344 1894 488 1963 ΜάστιΕιν
510 1890 564 1958 οθς
585 1893 623 1974 δὴ
641 1896 793 1976 ποινίμσις
814 1897 1010 1977 οἰστρηλατεῖ

337 1976 504 2061 Ῥαίστειρ’
532 1975 647 2059 ἐριννὺς
669 1982 719 2040 καὶ
742 1980 896 2061 θεήλατος
919 1981 998 2062 δίκη,

334 2062 395 2131 Ὣς
414 2060 467 2125 ούν
488 2060 542 2122 ἀπ’
568 2060 685 2142 ἐναγῶν
710 2063 818 2131 ἄστεος
839 2063 1004 2146 ΙἸαρισίων,

345 2144 574 2230 Δυσσεμφέλυυ
597 2146 634 2227 δὴ
659 2150 711 2227 τῆς
731 2150 828 2209 πάλαι
850 2148 943 2210 νόσου
969 2149 1056 2231 μόγις

343 2231 507 2311 Χειμῶνος
529 2228 713 2293 ἐκνεύσαντά
736 2257 757 2313 μ
794 2231 954 2300 ἐξεδέξατο

345 2314 388 2380 Τὸ
411 2312 597 2379 Βινδοκινῶν
622 2312 695 2377 άστυ
720 2318 771 2379 καὶ
789 2318 894 2401 φίλαις
914 2318 1024 2401 δοχαῖς

341 2399 544 2470 Ἐπεξένωσε.
567 2400 595 2462 τί
614 2401 696 2481 μάλα
715 2404 877 2484 ποιήσαιμ’
904 2400 986 2486 ἔχων
994 2427 1003 2478 ;

345 2483 384 2548 Τί
401 2481 582 2568 πρῶτον;-ἤ
605 2506 632 2545 τι
651 2486 802 2562 λοίσθιον,
825 2488 904 2568 πλὴν
930 2489 957 2548 εἰ
976 2488 1013 2549 τὰ
1038 2492 1093 2549 σοδ

346 2571 485 2632 Φίλτατα
505 2577 536 2651 γ’
561 2568 760 2653 ἐπισκέψαιμ
784 2571 820 2632 ἂν
843 2571 877 2638 ὃς
897 2573 1019 2633 πάντων
1047 2572 1116 2654 ἐμοὶ

339 2651 439 2738 ’Έφυς
455 2655 488 2716 τὸ
508 2657 629 2736 πρῶτον
648 2656 700 2716 καὶ
722 2655 755 2717 τὸ
776 2656 913 2718 λοίσθιον
933 2661 1046 2739 χρεῶν.

344 2737 471 2822 Πρῶτον
495 2741 546 2801 τὸν
570 2736 652 2799 οἶκον
678 2738 742 2801 εἶτα
765 2740 818 2822 τὴν
843 2741 1001 2823 οίκουρίδα

345 2821 391 2886 Τά
410 2846 442 2885 τε
464 2822 555 2886 τέκνα
576 2827 629 2884 τοῦ
653 2823 808 2907 φύσαντος
834 2826 990 2908 ὀφθαλμὼ
1014 2825 1089 2887 δύω.

334 2905 378 2971 Ἃ
400 2909 449 2992 δὴ,
472 2910 523 2971 τὸν
547 2905 641 2981 οἶκον,
666 2906 766 2980 τέκνα,
791 2910 844 2992 τὴν
865 2910 1023 2992 υἰκουρίδα

341 2993 452 3056 Ἀθῶα
472 2995 571 3056 πάντα
596 2996 664 3054 σῶα
690 2991 714 3053 τ’
740 2994 865 3056 εὐθύνοι
890 2994 971 3060 θεός.

370 3078 385 3139 θ
410 3077 450 3155 δ’,
474 3080 499 3140 ῶ
526 3079 657 3163 φίλοισιν
681 3076 903 3157 εὐμενέστατον
924 3080 1004 3160 κοίμα

351 3161 463 3223 Αθῶον
489 3163 615 3226 εὐθύνοι
638 3183 672 3222 σε
693 3161 744 3222 καὶ
766 3167 847 3223 σῶον
866 3161 949 3230 θεός.

672 3249 753 3319 Vale,
780 3249 940 3308 Vindocim'.

387 3328 523 3400 Τούτους
543 3329 695 3413 νοσηλοθς
713 3333 764 3391 καὶ
786 3331 995 3412 πυρέσσοντας
1020 3330 1141 3414 στίχους

386 3413 521 3498 Πυρετόν
541 3439 580 3478 πυ
605 3415 703 3476 ε’σσων
727 3417 834 3482 νυκτός
854 3415 1097 3497 ἐξεπονησάμην.

541 3437 791 3564 ΧθΙΣΤΙΑΝΟΣ
813 3497 1059 3578 ΣΚΑΛΑΝΩ[Ι].

344 3581 387 3648 Τὸ
412 3581 597 3647 Βινδοκινῶν
622 3585 647 3646 ῶ
672 3585 762 3666 φίλος
783 3585 941 3669 πολίχνιον

344 3667 437 3752 Ζηλῶ
459 3675 614 3752 προτιμῶν
636 3669 688 3731 καὶ
712 3671 860 3750 μεγίστων
882 3668 1039 3748 άστεων[,]

345 3749 411 3818 Οὐκ
434 3754 590 3836 εὐάγιστον
615 3754 727 3815 ούνεκα
750 3759 872 3817 στεῦται
894 3755 989 3836 δάκρυ

343 3839 458 3924 Λαχεῖν
482 3839 623 3922 μεγίστου
646 3842 700 3900 τοῦ
726 3839 844 3922 βροτῶν
869 3838 1036 3922 φερεσβίοο
