3000 4725
749 610 900 705 ...3-04..

296 774 348 829 ⁴45
367 777 431 840 Sed
451 779 526 836 hseo
545 778 656 838 doloso
679 778 791 839 eddixe
812 788 977 857 potuerunt
993 781 1059 842 viro

366 862 478 923 Graeci
501 882 601 921 meam
622 862 668 920 illi
689 872 905 941 postputeutes
927 866 1092 943 gloriam.-

364 947 453 1022 Quod
473 948 505 1006 ni
525 949 600 1007 mihi
619 968 741 1007 omnem
762 968 869 1009 eversa
889 968 975 1009 mens
999 952 1180 1029 sapientium

363 1034 635 1109 Expectorssseut‚
656 1042 688 1091 et
712 1035 830 1107 oculus,
854 1054 1009 1111 nunquam
1031 1037 1162 1114 emplius

363 1118 482 1176 Iudicis
500 1119 532 1176 in
554 1119 648 1176 alium
665 1119 854 1179 iudicassent
874 1120 956 1177 telis.

297 1198 349 1251 450
367 1204 432 1261 Iam
455 1204 576 1279 pervieo
597 1203 711 1277 animo,
733 1204 809 1263 Iove
833 1212 911 1275 sete,
930 1204 1129 1281 implacabili,

364 1289 426 1359 Me,
448 1306 514 1346 oum
536 1288 597 1345 iem
616 1288 648 1345 in
669 1289 738 1347 illos
762 1298 909 1347 verterem
930 1290 1074 1349 infestam
1096 1310 1223 1364 menum,

364 1373 527 1449 Repressit
548 1372 667 1431 obieeta
689 1374 855 1449 impotente
877 1374 1009 1445 insania,

364 1459 400 1515 In
424 1458 566 1535 gregibus
588 1457 657 1517 istis
680 1468 712 1515 ut
734 1466 923 1516 cruentarem
946 1478 1079 1517 menum.

364 1543 478 1600 Verum
501 1542 656 1601 cachinnis
683 1561 763 1602 nuno
784 1543 858 1600 mihi
880 1543 1021 1617 illudunt,
1045 1546 1098 1603 ubi

296 1626 348 1681 455
364 1628 483 1704 Fugere
504 1621 564 1685 me'
577 1627 705 1685 nolente.
727 1646 794 1685 oum
816 1628 902 1687 Deus
924 1638 1022 1701 nocet,

364 1711 422 1771 Vel
443 1712 601 1772 fortiorem
622 1713 752 1771 evadere
775 1713 886 1789 ignavo
908 1720 955 1771 est
976 1713 1068 1772 facul.

366 1795 446 1869 Quid
468 1816 541 1874 ergo
563 1797 685 1870 faciam,
708 1815 798 1871 quem
821 1797 957 1855 disertim
980 1815 1086 1856 omnes
1110 1797 1171 1855 Dei

367 1882 489 1941 Odere?
510 1901 599 1956 quem
621 1882 683 1939 odit
704 1882 805 1941 omnis
827 1882 977 1941 Achivdm
997 1882 1171 1941 exercitus?

365 1966 406 2024 Et
427 1966 525 2025 omnis
548 1967 613 2025 odit
635 1966 741 2038 Troia,
771 1974 800 2024 et
819 1986 910 2025 omne
931 1967 1032 2039 isthuc
1053 1967 1178 2026 solum?

297 2051 350 2104 450
367 2055 417 2110 An
439 2050 637 2110 domitionem
662 2071 734 2128 ergo
761 2052 809 2110 his
832 2051 957 2109 relictis
971 2052 1130 2127 portubus,

366 2135 509 2212 Solisque
531 2136 657 2207 Atridis,
678 2146 762 2195 tuens
788 2143 818 2193 et
837 2139 973 2212 Aegeum
993 2137 1120 2213 parem?

366 2219 430 2281 Sed
451 2240 510 2295 qua
531 2220 613 2297 potis
638 2221 696 2279 sim
718 2221 816 2278 fronte
838 2220 1038 2279 Telamonem
1061 2230 1178 2298 petrem

366 2303 482 2364 Contra
506 2305 644 2364 obtueri?
668 2306 818 2382 quomodo
836 2324 885 2366 me
903 2304 1079 2383 inglorium,

363 2391 483 2448 Virtute
503 2408 625 2449 cessum
647 2391 810 2450 sustinebit
831 2411 966 2463 eernere,

297 2474 348 2528 465
367 2473 501 2548 Quarum
523 2475 592 2552 ipse
611 2494 710 2533 rerum
730 2477 897 2534 honoribus
918 2477 1045 2535 summis
1069 2476 1170 2536 eluet?

366 2559 440 2620 Non
462 2560 507 2619 sio
528 2560 634 2632 ebibit,
656 2581 729 2619 non.
753 2560 824 2635 quid
848 2560 940 2638 ergo?
964 2580 1004 2618 sn
1025 2560 1072 2619 vir
1092 2562 1156 2619 viro

366 2644 557 2722 Congressus
580 2646 619 2703 sd
641 2645 755 2703 Troum
779 2645 844 2703 alts-
858 2646 1087 2722 propugnaculo

366 2730 457 2791 Clare
480 2739 622 2807 oppetam
639 2730 743 2806 aliquo
767 2731 904 2790 facinore
927 2730 1040 2788 illustri
1066 2731 1166 2790 edito?

368 2815 430 2876 Sed
450 2818 583 2874 facerem
604 2816 720 2875 Atridis
740 2835 806 2873 rem
829 2816 941 2874 bonnm
961 2823 990 2873 et
1007 2817 1228 2892 gratissumum.

296 2905 348 2957 470
364 2901 435 2959 Non
457 2902 502 2960 sio
522 2901 627 2958 abibit.
654 2901 758 2977 alique
782 2901 927 2960 tentanda
950 2909 998 2958 est
1019 2901 1079 2974 via5

365 2987 518 3061 Quoiam
541 2986 674 3046 senectis
699 2985 800 3044 obsito
824 2986 969 3043 membris
989 2987 1068 3060 petri
1098 3013 1106 3032 s

363 3070 521 3143 Profiteor,
544 3072 626 3129 haud
646 3072 705 3129 hoo
727 3079 882 3146 pstremo
904 3070 1047 3146 ignavum
1070 3077 1179 3128 satum.

364 3154 446 3214 Num
469 3166 555 3231 turpe
577 3156 701 3233 longum
722 3155 860 3232 postulet
883 3173 916 3214 se
940 3155 1051 3227 vivere,

366 3238 423 3298 Cui
448 3240 534 3300 nulle
553 3241 642 3298 detur
661 3261 682 3298 5
700 3240 790 3298 malis
811 3241 988 3314 interquies.

296 3326 347 3379 475
365 3323 447 3383 Nam
467 3325 538 3401 quid
559 3327 651 3384 hahet
669 3324 700 3382 in
722 3344 756 3384 se
776 3325 886 3401 volupe
908 3325 945 3382 de
972 3324 1020 3382 die
1043 3324 1108 3382 dies

364 3407 447 3467 Hine
470 3428 666 3469 summovens
689 3411 795 3483 vitem,
822 3410 892 3467 inde
910 3417 1038 3468 mortem
1059 3404 1252 3486 promovens?

364 3492 462 3552 Nihili
484 3494 606 3570 quidem
627 3495 779 3553 hominem
799 3495 923 3552 fecerim
947 3513 1036 3570 quem
1058 3513 1131 3570 spes
1151 3493 1213 3565 alit,

364 3578 525 3653 Vitsmque
546 3580 633 3638 venis
656 3580 798 3656 speribus
818 3580 911 3638 laetat
932 3597 1028 3639 suum.

366 3662 428 3725 Sed
451 3683 561 3740 nempe
582 3664 707 3740 pulchre
727 3666 828 3724 vivere
851 3673 903 3722 aut
923 3663 1048 3740 pulchre
1066 3662 1144 3721 mori

296 3753 349 3808 480
365 3749 519 3825 Expetere
539 3749 678 3808 honestis
701 3757 733 3807 et
750 3750 823 3809 viris
846 3768 950 3808 verum
973 3756 1029 3807 est.
1055 3755 1154 3806 tenes.

366 3832 422 3894 Ch.
464 3834 575 3893 Aliena
597 3833 678 3892 diets
698 3835 775 3893 haee
796 3843 827 3904 te
848 3835 934 3911 loqui
956 3851 1047 3892 nemo
1070 3836 1203 3890 autumet
