3000 4725
767 622 827 682 152

251 791 259 806 “
335 787 414 854 Βίου
437 785 612 849 παλαισταί.
633 786 733 857 Λυδὸς
757 787 788 850 ἐν
813 785 997 870 μεσημβρία
1023 844 1027 852 ,

336 871 409 954 Βυμ
429 870 517 939 υλίας
540 867 713 953 ἄνθρωπος.
736 870 863 955 Ἀργεία
883 870 976 954 φορά.

336 955 402 1039 Βορ
426 954 613 1040 οροτάραξις.
631 952 738 1042 Ἔξεχ’
761 957 788 1019 τό
812 954 878 1040 φῦλ’
902 955 980 1038 ἥλιε.

336 1039 494 1104 Βόσκουσι
517 1040 655 1124 φυγάδας
676 1040 808 1109 ἐλπίδες.
830 1037 930 1126 Νιόβη
953 1039 1049 1122 πάθη.

336 1122 459 1192 Βουνῦς
484 1124 607 1195 δικάζει.
630 1121 684 1208 Μὴ
707 1124 820 1207 λόγους
841 1123 910 1188 ἄντ’
932 1123 1100 1207 οἰλφίτων.4

336 1207 421 1277 Βοῦς
443 1208 585 1294 ἕβδομος.
610 1208 707 1272 Λάλει
727 1210 774 1285 δὲ,
794 1210 846 1274 καὶ
868 1210 909 1294 μὴ
931 1206 1066 1290 θίγγανε.

335 1290 423 1363 Βοῦς
446 1295 490 1361 εἰς
511 1291 638 1377 ἄμητον.
663 1293 820 1378 Ψηλαφᾷν
844 1294 876 1357 ἐν
900 1296 946 1377 τῷ
967 1291 1077 1377 σκότῳ.

204 1445 210 1458 ,
336 1376 422 1460 Γαλῆ
442 1377 608 1463 κροκωτόν.
625 1377 781 1462 Ἀφθονοι
802 1377 939 1442 Μουσῶν
963 1375 1065 1460 θύραι.

336 1459 478 1532 Γάλλους
499 1463 529 1525 τί
547 1462 685 1546 τέμνεις;
708 1459 877 1548 Κανθάρου
901 1463 1088 1546 σοφώτερος.

336 1543 360 1609 Γ
363 1546 450 1610 είτων
473 1544 638 1616 Μυκόνιος.
661 1545 715 1630 Μὴ
737 1549 815 1632 πρὸς
835 1549 892 1631 ἐμὲ
912 1547 950 1610 τὰ
973 1546 1108 1611 ποικιλα.

335 1628 444 1700 Γέλως
465 1629 648 1715 Μεγαρικός.
677 1628 723 1696 Ού
746 1630 817 1696 ποτ’
840 1631 924 1718 ἴσχεν
945 1631 964 1713 ἡ
986 1629 1079 1716 θύρα.

335 1712 359 1778 Γ
363 1714 467 1801 έραιρε
493 1715 614 1780 σαυτόν.
642 1713 754 1800 Τυρίου
778 1716 995 1802 Ξενοκράτους.

335 1798 497 1885 Γερόντιον
520 1805 672 1865 στυπείον.
697 1798 865 1870 Οἰδίποδος
884 1803 955 1886 ἀρά.

335 1881 457 1948 Γλαῦκ’
483 1886 527 1954 εἰς
549 1885 693 1969 Ἀθήνας.
707 1882 760 1956 Ἐξ
783 1888 852 1955 ἑνὸς
870 1886 908 1949 τὰ
928 1883 1023 1949 πάνθ)
1046 1885 1130 1968 δρᾷς.

335 1966 437 2032 Γλυκύ
464 1969 534 2052 μέλι
553 1971 604 2033 καὶ
623 1970 699 2040 πνίξ.
720 1969 804 2034 Ἀντί
823 1971 863 2034 πέ
882 1993 938 2053 κης
957 1968 1113 2053 σκορπίον.

335 2051 486 2137 Γραμμην
510 2054 564 2117 ἐπ’
590 2054 685 2138 ἄκραν
713 2056 836 2138 ”κομεν.
861 1993 968 2123 Καλὸς
988 2053 1100 2117 πίθων.

335 2134 360 2200 Γ
363 2136 530 2221 υμνότερος
554 2138 680 2222 ὑπέρου.
703 2079 788 2208 Βοῦς
809 2141 840 2202 ἐν
865 2139 967 2225 αόλίιρ
986 2137 1081 2221 κάθη.

335 2218 486 2290 Γυναικός
506 2222 646 2307 ὄλεθρος.
669 2223 693 2286 Γ
696 2223 863 2308 υμνότερος
882 2223 1042 2307 Ἰαλέμου.

336 2305 503 2392 Δεινότερα
517 2309 635 2393 πάσχει
660 2307 829 2395 Σαμβίκου.
851 2308 977 2394 Πλήρης
999 2307 1098 2376 πίθος.
1208 2342 1210 2345 ·

336 2391 443 2454 Δεῖται
467 2393 605 2456 σελίνων.
628 2391 745 2477 Μικρὸν
768 2394 884 2524 όβόλου
906 2396 1015 2477 τίμιον.

336 2478 490 2559 Δελφῖνος
510 2477 549 2541 ἐν,
565 2476 671 2561 χέρσῳ
694 2478 756 2562 βία.
778 2480 1015 2563 ...φενδάμνινοα

336 2562 425 2644 Δερῶ
452 2562 486 2624 σὲ
509 2561 645 2625 θύλακον
670 2566 796 2645 κλοπῆς.
823 2560 878 2632 Εἰς
900 2564 1016 2648 ὀλβίαν.

336 2644 390 2714 Δὶς
411 2648 521 2714 παῖδες
543 2648 572 2708 οἱ
593 2645 744 2732 γέροντες.
763 2648 858 2732 Ὑπὲρ
880 2648 952 2711 όνου
976 2649 1071 2713 σκιᾶς.
1123 2680 1127 2687 ’

335 2730 485 2815 Δραχμῆς
507 2732 640 2815 χάλαζα.
662 2730 831 2817 Κανθάρου
857 2735 1051 2816 μελάντερος.

329 2814 468 2897 Ἔγνωκα
492 2816 530 2899 δὴ
552 2815 612 2900 θῆρ
634 2818 727 2901 θῆρα.
751 2816 865 2881 Πεττὸν
890 2817 1048 2880 ἀνατίθου.

334 2897 389 2968 Εἰς
412 2899 517 2984 αύριον
541 2903 706 2965 σπουδαῖα.
729 2898 933 2969 Βαθυκλέους
953 2899 1048 2969 κύλιξ.

334 2981 389 3052 Εἰς
408 2982 462 3053 οῦς
481 2983 590 3066 λέγειν.
619 2983 765 3070 Ζήνωνος
785 2985 1031 3071 ἐγκρατέστερος.

334 3064 389 3137 Εἰς
408 3068 462 3153 τὴν
487 3071 617 3153 σελήνην
642 3070 840 3135 Ἀκεσιλάου.
861 3070 924 3140 Λάξ
943 3072 1060 3133 πατεῖν.

333 3149 389 3216 Ἐκ
409 3152 563 3237 γεύματος
583 3156 687 3239 γνοίης
709 3154 755 3218 ἄν.
775 3153 955 3239 Ἀθύρωτον
980 3152 1087 3237 στόμα.

333 3233 389 3301 Ἐκ
410 3242 464 3319 τῆς
487 3237 641 3323 φαρέτρης
662 3238 776 3323 ἡμέρα.
795 3236 843 3301 Τὰ
863 3238 1038 3304 Καννάκοο.

332 3320 339 3347 ’
370 3346 388 3383 κ
409 3326 470 3384 τῦιν
493 3320 616 3406 ὀνύχων
636 3323 758 3387 λέοντα.
779 3321 950 3409 Κουρήτων
975 3322 1084 3404 στόμα.

333 3401 524 3489 Ἐλέφαντος
544 3406 635 3471 οὐδὲν
659 3407 827 3492 διαφέρεις.
852 3407 983 3473 Δούλων
1004 3406 1103 3476 πόλις.

326 3484 452 3553 ’Ἕλκειν
477 3490 662 3575 σκαπέρδαν.
683 3489 738 3559 Ἐκ
763 3494 867 3642 τριχὸς
887 3491 1082 3577 κρεμάμεθα.

331 3570 386 3636 Ἐν
410 3570 492 3658 Καρὶ
515 3578 566 3639 τὸν
589 3577 738 3642 κίνδυνον.
759 3578 766 3601 ’
801 3578 913 3660 ρνίθων
936 3579 1028 3660 γάλα.

194 3704 195 3719 2
300 3738 306 3752 .
331 3654 383 3721 Ἐν
406 3659 484 3742 πυρὶ
497 3657 641 3744 βέβηκας.
663 3659 897 3746 Μορμολύττειν
922 3663 1029 3745 ἀσκίῳ.

333 3739 421 3805 Ἔνθ’
445 3744 475 3805 οί
496 3743 591 3813 πόδες
613 3745 759 3829 φέρωσιν.
781 3742 836 3814 Εἰς
854 3746 938 3830 ὕδωρ
960 3746 1099 3831 γράφειν.

195 3892 197 3909 ‚
329 3823 411 3897 Ἔίω
436 3828 547 3913 βέλους
568 3830 700 3913 κάθησο.
722 3826 883 3895 Ταντάλου
904 3830 1024 3898 λίθος..
