3000 4725
801 607 842 665 90

361 772 402 831 Et
420 780 576 831 momenta
595 772 680 850 lyrae
702 774 812 837 fidibus
835 774 1002 834 commissa
1021 778 1154 839 canoris.

361 854 502 931 Denique
522 865 596 932 quot
616 878 717 917 rerum
740 860 841 918 divina
860 860 989 920 Poetica
1010 854 1116 921 liores⁵

363 940 535 1018 Complexa
557 950 614 1016 est,
640 963 701 1003 uno
721 946 808 1021 pueri
826 964 861 1003 se
882 952 1006 1022 pectore
1031 948 1190 1008 condunt:-

361 1026 477 1086 Omnia
500 1046 577 1101 quae
599 1036 715 1087 tentata
737 1030 792 1088 tibi
813 1030 955 1089 felicibus
978 1030 1063 1090 susis

360 1112 474 1181 Mentis
492 1112 692 1172 inexhaustae
711 1114 803 1191 primi
822 1114 924 1173 lusere
947 1114 1077 1173 calores.

361 1198 436 1255 Mox
458 1198 510 1259 ubi
531 1199 611 1259 trina
633 1199 688 1256 tibi
709 1199 917 1273 quinquennia
937 1199 1073 1258 condidit
1092 1207 1191 1272 aetas,

362 1281 408 1339 Te
430 1283 546 1343 maiora
565 1292 692 1342 vocant:
713 1302 815 1342 rerum
838 1285 1005 1359 disquirere
1024 1302 1134 1345 causas

361 1365 434 1426 Fert
456 1368 587 1441 animus,
609 1368 691 1426 docti
712 1368 868 1427 recludere
889 1388 977 1429 sacra
995 1368 1120 1446 Lycaei,
1143 1368 1269 1448 [Lycei]

361 1452 402 1511 Et
423 1454 535 1512 veteris
560 1461 642 1512 totos
664 1454 811 1512 Academi
833 1455 966 1529 pandere
987 1472 1107 1513 census.

362 1536 430 1595 Nec
451 1556 525 1598 vero
546 1538 696 1597 interdum
721 1538 799 1597 caeli
821 1547 977 1598 momenta
995 1538 1128 1599 volantis

362 1622 517 1681 Intentata
538 1624 604 1695 tibi,
625 1642 682 1681 nec
702 1642 777 1698 quas
799 1623 934 1685 Nilotica
955 1625 1108 1701 Memphis

363 1705 447 1768 Solis
471 1708 502 1765 in
527 1716 633 1765 exacto
655 1708 789 1785 signavit
807 1710 931 1785 pulvere
944 1717 1060 1768 metas.

361 1792 405 1853 Ut
421 1812 477 1869 per
498 1812 597 1869 prona
616 1793 676 1851 ruit
697 1792 818 1853 nivibus
841 1794 879 1851 de
899 1802 1003 1852 monte
1030 1794 1153 1868 solutis,

361 1876 429 1935 Nec
448 1879 509 1937 iam
532 1879 599 1937 finit
618 1896 713 1952 aquus
731 1879 867 1954 riparum
888 1879 1025 1956 margine
1047 1887 1188 1939 torrensz
1322 1887 1323 1968 l

304 1982 306 1987 ·
361 1961 423 2019 Per
446 1964 552 2041 scripti
573 1982 664 2021 omne
684 1981 780 2041 genus
804 1964 876 2023 latis
899 1964 1094 2023 discursibus
1113 1984 1196 2025 erras

361 2047 493 2124 Ingenii,
515 2048 562 2106 cui
584 2048 669 2106 nulla
690 2048 748 2105 fuit
769 2067 912 2108 mensura
930 2048 1039 2106 ruenti.
1322 2073 1323 2098 t

363 2130 457 2191 Cuius
477 2132 514 2189 ad
537 2133 676 2191 excelsas
699 2133 770 2191 dum
793 2153 828 2193 se
850 2134 932 2191 celer
950 2135 1082 2209 impetus
1105 2142 1188 2193 artes

361 2216 507 2292 Expedit,
529 2226 559 2275 et
578 2224 645 2275 toto
669 2215 803 2292 Sophiae
827 2237 861 2277 se
880 2219 996 2295 proluit
1013 2236 1113 2290 amne,

361 2302 540 2359 Extenuant
563 2302 703 2364 iuvenem
727 2304 872 2381 vigilatae
893 2323 932 2362 ex
953 2304 1060 2364 ordine
1083 2311 1201 2378 noctes,

363 2386 463 2445 Tabet
485 2389 524 2446 ab
543 2388 691 2447 exhausto
712 2407 822 2464 corpus
845 2389 1018 2449 miserabile
1040 2407 1143 2448 succo.

361 2471 430 2530 Nec
450 2491 547 2545 mora,
570 2491 625 2532 nec
645 2474 777 2548 requies,
802 2475 969 2534 studiorum
993 2474 1136 2532 dulcibus
1155 2492 1256 2534 amens

361 2557 537 2615 Immeritur
559 2557 649 2629 curis,
673 2567 703 2616 et
725 2577 836 2618 vescas
858 2561 990 2634 carpitur
1010 2567 1104 2630 artus,

361 2642 494 2700 Abdicet
513 2650 546 2700 ut
566 2643 659 2700 vitam
678 2644 758 2701 vitae
777 2645 960 2702 immortalis
983 2663 1098 2715 amore,

361 2727 426 2784 Iam
448 2727 578 2786 collecta
602 2729 693 2786 cutim
711 2729 826 2787 macies
846 2729 982 2788 adducit:
1006 2729 1176 2787 hebescunt

363 2810 530 2890 collapsae
548 2813 644 2871 vires:
668 2813 705 2870 de
725 2821 811 2873 tanto
834 2815 964 2889 denique
981 2813 1091 2872 Dousa

361 2897 415 2956 Nil
436 2906 558 2974 praeter
578 2898 713 2974 linguam
735 2907 885 2975 superest.
909 2919 947 2956 ea
966 2899 1035 2957 sola
1058 2906 1216 2974 parentem

361 2983 546 3058 Alloquitur,
569 2983 715 3058 vacuique
737 3003 844 3042 omnes
867 2984 994 3041 effundit
1014 2983 1047 3041 in
1066 2983 1152 3040 illum

361 3067 519 3143 Reliquiae
543 3068 649 3126 animi:
672 3067 746 3126 Non
771 3076 812 3142 te,
836 3068 1013 3127 dulcissime
1033 3087 1147 3140 rerum,

361 3151 508 3211 Luctibus
532 3153 693 3213 obsessum
715 3151 810 3230 longo
834 3172 975 3215 sermons
999 3153 1149 3212 morabor.
1196 3186 1198 3191 ·

361 3235 431 3294 Non
454 3257 492 3294 ex
514 3238 673 3314 praecipiti
693 3237 773 3294 vitae
794 3238 868 3296 mihi
889 3238 1008 3296 tollitur
1028 3255 1112 3297 usus.

362 3320 545 3397 Iampridem
564 3321 663 3382 morbi
683 3321 766 3382 lenta
787 3322 949 3382 obsidione
971 3341 1101 3400 peresus

362 3405 457 3464 Disco
480 3407 565 3466 mori.
587 3407 649 3466 Per
666 3427 722 3484 ego
744 3416 774 3466 te
794 3409 896 3480 istam,
919 3427 1009 3482 quam
1028 3408 1150 3479 desero,
1168 3407 1272 3475 lucem,
1322 3408 1323 3471 ξ

363 3490 521 3566 Quamque
540 3492 595 3550 tibi
617 3499 772 3568 acceptam
791 3493 904 3566 refero,
927 3512 967 3550 ne
990 3493 1107 3550 confice
1127 3491 1220 3564 curis,
1322 3524 1323 3569 3

363 3575 462 3651 Quem
484 3576 602 3652 patriae
625 3577 719 3636 debes
743 3579 886 3636 animum.
908 3577 1034 3637 Desiste
1058 3577 1174 3649 dolere,
1322 3572 1323 3581 ’

362 3659 453 3733 Quod
472 3661 555 3720 feror
576 3668 646 3720 ante
668 3662 760 3736 diem,
786 3663 869 3738 quod
893 3663 1001 3722 funere
1020 3663 1115 3722 tollor
1136 3662 1255 3720 acerbo.

361 3745 435 3806 Vita
456 3763 529 3806 suas
550 3753 647 3805 metae
667 3754 746 3819 actu,
769 3767 830 3807 non
853 3756 992 3824 tempore
1012 3747 1088 3809 linit.

363 3829 419 3892 Sat
439 3831 524 3905 vixit,
547 3831 598 3907 qui
621 3839 668 3890 sat
689 3833 820 3908 patriae,
841 3841 892 3892 eat
911 3833 1028 3909 profuit
1048 3831 1125 3892 orbi.
