3000 4725
735 597 886 690 Α

355 761 407 823 Se.
452 761 533 836 Quid
552 764 643 841 ergo?

356 845 408 907 Se.
450 848 547 906 Latus
569 848 733 907 occidentis
757 869 849 908 omne
873 850 1101 928 vestigavimus.

356 930 407 991 Se.
451 931 619 993 Habesne?

356 1014 407 1075 Se.
451 1017 579 1075 Multum
599 1017 726 1077 laboris:
745 1018 822 1076 nihil
844 1020 918 1077 mihi
939 1020 1020 1079 ultre
1041 1040 1077 1080 se
1098 1020 1209 1080 obtulit

356 1099 407 1161 Se.
450 1100 529 1175 Nec,
547 1102 668 1179 uspiam
690 1102 792 1179 ipsam
815 1105 892 1163 solis
915 1106 1053 1165 Orientis
1074 1107 1195 1184 plegem

350 1186 465 1247 Existit
483 1186 563 1245 ullus
585 1189 643 1246 rite
681 1188 733 1265 qui
755 1198 908 1248 monstret
930 1192 1013 1249 mihi.

668 1274 696 1331 1.
718 1272 850 1349 Stropba
871 1275 970 1334 XIII.

357 1353 412 1415 Ch.
459 1355 536 1431 Quis
559 1375 643 1435 ergo,
667 1357 734 1431 quis
758 1359 843 1432 mihi,
919 1397 922 1404 -

356 1438 431 1513 Quis
456 1441 607 1499 hominum
630 1442 773 1519 vigilibus

356 1526 436 1583 Mori
457 1526 592 1603 speculis
612 1527 736 1600 sedens,

357 1608 567 1688 Caelivegisve
586 1612 644 1671 viis

358 1693 470 1755 Solens
493 1716 571 1771 quoe
589 1696 669 1769 Dea,

355 1780 586 1841 Fluminibusve
608 1782 719 1839 freten·

356 1865 457 1924 ·sibus
478 1867 577 1924 ferum
598 1867 693 1925 virum
716 1866 787 1925 inde

357 1948 462 2010 Sicubi
483 1951 557 2009 vidit
579 1972 634 2029 pa-

356 2034 495 2108 ·lantem,
520 2037 573 2095 ubi
592 2046 650 2109 est,
671 2036 797 2095 nuntiet.

357 2119 458 2179 Grave
481 2121 572 2179 fuerit
595 2122 686 2194 enim,
711 2121 738 2180 si

355 2199 434 2263 Post
453 2213 495 2263 tot
513 2205 637 2265 labores
661 2224 754 2283 vegos

357 2287 457 2348 Cursu
479 2310 542 2347 non
564 2291 650 2366 potui
671 2291 808 2366 assequi.
1206 2354 1209 2361 ¹

355 2377 414 2434 Ast
432 2395 479 2434 me
504 2375 658 2434 hominem
679 2376 873 2448 imbecillem,
895 2375 947 2434 ubi
971 2382 1019 2432 est
1039 2394 1103 2432 non
1126 2391 1246 2433 eernere.

356 2459 429 2518 Tec.
462 2459 533 2518 Heu
554 2479 614 2533 me,
636 2461 696 2518 heu
717 2465 782 2518 mei

357 2543 413 2604 Ch.
457 2545 528 2604 Heu
549 2546 642 2623 quoia
666 2565 728 2604 vox
750 2545 826 2604 haec
838 2563 987 2622 proxume
1005 2563 1161 2602 enemore
1182 2539 1258 2601 exiit?

357 2629 431 2688 Tec.
458 2630 529 2688 Heu
551 2650 600 2689 me
623 2631 782 2690 miseram!

358 2714 413 2775 Oh.
460 2713 613 2792 Sponsam
635 2716 787 2774 misellam
808 2715 919 2772 bellica
941 2722 1061 2789 captam
1087 2733 1178 2771 manu

288 2798 340 2852 895
358 2801 456 2860 Video
480 2801 677 2862 Tecmessam
697 2802 824 2878 paribus
843 2800 966 2857 affinem
983 2799 1084 2856 melis.

357 2886 431 2948 Teo.
459 2885 553 2960 Perii,
565 2887 675 2958 oceidi;
689 2895 789 2944 actum
804 2894 864 2944 est:
876 2885 949 2955 vite,
963 2884 1064 2955 amici,
1077 2892 1185 2941 exacta
1195 2900 1258 2941 sum.

358 2970 413 3030 Oh.
459 2971 541 3047 Quid
553 2981 601 3032 est
611 2972 702 3032 novi?
723 2971 795 3030 Tec.
807 2971 889 3030 Aiax
901 2969 993 3026 caede
1006 2968 1164 3028 confectus
1182 2985 1259 3035 novo,

358 3057 443 3114 Iacet
463 3066 605 3116 cruentus
630 3076 704 3116 ense
723 3057 834 3114 furtivo
856 3053 1015 3112 incubans.

699 3143 727 3200 2.
749 3140 879 3216 Stropba
905 3139 938 3198 V.

360 3223 415 3282 Ch.
447 3224 496 3285 De
514 3227 613 3284 reditu
632 3235 732 3284 actum
754 3234 802 3284 est
815 3225 867 3283 mi.

357 3309 508 3370 Intorficis
532 3311 624 3370 istum

358 3394 458 3452 Tuum
482 3395 628 3468 sodalem,
648 3397 783 3473 inquom,

358 3479 451 3551 Aiax,
474 3500 491 3537 o
513 3481 616 3552 miser,
677 3536 680 3550 x

361 3565 388 3625 Ο
411 3564 506 3623 miser
527 3565 649 3624 femine.
852 3629 855 3632 ⁴

359 3649 432 3709 Teo.
460 3649 503 3710 Ut
522 3651 659 3728 ipseres
682 3659 730 3713 est
751 3659 834 3724 nota,
860 3671 940 3710 nunc
960 3669 1082 3729 gemere
1107 3651 1235 3708 addecet.

359 3734 414 3794 ch.
460 3733 522 3796 Sed
541 3735 634 3809 quoin
655 3736 694 3794 ad
711 3737 790 3794 hanc
804 3757 873 3795 uem
888 3745 936 3797 est
949 3755 1024 3795 usus
1041 3735 1152 3794 infelix
1165 3734 1261 3814 monui

359 3820 432 3879 Teo.
462 3819 526 3882 Sua
542 3820 611 3896 ipse
631 3819 747 3894 dextra,
763 3830 862 3882 utres
879 3823 978 3886 docet.
1001 3821 1083 3897 quod
1103 3829 1135 3878 et
1156 3821 1260 3896 quiden
