3000 4725
728 588 880 684 „³3⁴-

346 757 537 833 Antideaque
555 756 652 829 fuere,
677 765 707 815 et
728 778 803 818 mox
824 766 952 818 ventura
976 758 1144 819 trahentur.

346 842 429 903 Nam
448 851 557 903 natura
578 842 664 917 prior
684 844 768 902 Maio
793 844 895 903 omnia
915 843 1145 903 commendavit.

348 929 451 1005 Quare
476 948 495 988 ο
516 927 606 986 nobis
627 929 762 1005 auguriis
781 929 940 988 veracibus
954 928 1060 1001 'adaia

346 1013 435 1074 Dans
458 1012 609 1091 placidam
627 1011 709 1071 vitae
724 1015 820 1071 ‘finem
843 1014 943 1071 felicis
963 1013 1085 1071 habere:

348 1184 388 1243 25
405 1185 528 1241 Telluris
537 1184 989 1258 suffimen,omnesemen,praeter
989 1186 1082 1258 sabaa
1089 1194 1259 1245 etarmnuta

348 1268 454 1328 Tellus
478 1267 555 1344 Ops,
576 1274 672 1325 mater
693 1266 844 1325 Diuorum
864 1276 895 1326 et
916 1276 1013 1327 mater
1035 1269 1214 1346 homonum,

346 1354 467 1438 Altrix‚l
479 1352 705 1428 percoquifrux,
725 1352 945 1425 intercisiones,
963 1352 1060 1431 larga,
1322 1417 1323 1420 Ἴ

349 1437 475 1499 Oonflua
496 1445 587 1513 atque
608 1435 802 1509 adolescens,
823 1438 939 1513 polaris
960 1438 1098 1515 frugibus
1120 1460 1250 1519 augens:

349 1523 476 1587 Aeterni
497 1521 601 1579 mundi
620 1521 786 1585 fundamen
808 1523 938 1581 daedala
959 1524 1057 1600 virgo,

348 1607 433 1683 Quae
455 1607 554 1666 varias
575 1606 640 1665 edis
662 1608 766 1687 fruges
787 1608 962 1665 maturrima
982 1616 1085 1685 partu:
1322 1614 1323 1651 i

347 1696 449 1765 Anna,
470 1711 616 1767 perenna,
640 1700 780 1769 augusta,
804 1693 965 1769 empanda‚
991 1692 1151 1769 opulenta,
1169 1696 1262 1754 beata
1322 1755 1323 1782 ¹

349 1777 508 1839 Suavifero
528 1776 671 1838 exultans
692 1778 858 1853 gemmanti
878 1778 1015 1855 gramine
1035 1778 1107 1851 Dia,
1322 1785 1323 1788 ’

347 1863 571 1939 Imbriproeax‚
593 1862 673 1919 eirea
694 1880 785 1937 quam
809 1863 1026 1941 signitenentia
1048 1872 1161 1938 eastra,
1322 1837 1323 1900 i

347 1949 388 2007 nt
408 1948 528 2007 eoelum
547 1946 680 2005 aeternis
700 1946 820 2009 vinnm
838 1944 1017 2007 torrentibu'
1039 1948 1146 2007 fertur.

347 2033 437 2094 Diva<
452 2050 566 2109 parens
589 2051 665 2109 auge
685 2038 785 2090 terrae
806 2033 968 2090 viridantia
987 2033 1084 2106 foeta,

349 2117 451 2190 Clara,
469 2118 591 2176 favente
613 2117 726 2189 animo,
752 2136 819 2175 cum
844 2118 1063 2194 Temperiabus
1082 2118 1210 2193 opimis.

350 2286 390 2347 26
559 2286 668 2343 Matris
690 2286 786 2345 Deum
805 2288 947 2362 suffimen,
967 2290 1062 2345 varia.

348 2374 447 2431 Mater
466 2379 639 2428 cunctorum
661 2372 881 2450 augustissima
901 2371 1145 2448 (indigenarum,

349 2457 419 2516 Hue
441 2457 484 2515 sis
507 2456 590 2514 Maia
607 2454 687 2529 Dea,
709 2458 815 2516 confer
833 2456 884 2515 ted
905 2458 944 2514 ad
965 2464 1019 2514 tua
1040 2476 1139 2529 saura,

350 2542 552 2601 Taurivomos
573 2541 701 2619 iungens
725 2542 844 2601 citimus
867 2542 906 2599 ad
928 2561 1016 2599 cama
1036 2542 1173 2600 Leones.

349 2628 475 2691 Aeterni
496 2628 603 2704 regina
625 2628 703 2700 aovi,
726 2627 934 2699 celeberrima,
956 2628 1085 2685 honora:
1322 2692 1323 2699 ἵ

351 2713 436 2786 Quae
457 2714 558 2770 media
580 2712 685 2769 mundi
707 2719 771 2771 stas
793 2712 923 2785 fornice,
944 2712 1028 2786 quod
1052 2714 1135 2770 bona
1156 2719 1265 2770 terram
1322 2712 1323 2729 ¹

349 2799 425 2875 Ipsa
444 2807 540 2869 tenes,
563 2798 704 2856 homines
720 2798 839 2856 lactans
860 2796 930 2854 Dea
950 2797 1049 2855 uisura
1066 2805 1170 2873 pastu.

349 2884 398 2941 Ex
417 2891 448 2941 te
471 2881 714 2960 Caeligenarum,
738 2902 779 2941 ex
796 2891 827 2940 te
848 2881 1019 2940 mortalium
1040 2882 1128 2959 on'go
1149 2890 1210 2955 est,
1322 2874 1323 2947 i

349 2968 390 3025 Et
410 2968 530 3042 liquens
552 2975 662 3026 natura
683 2968 739 3026 tibi
757 2967 834 3040 fluit,
855 2975 885 3023 et
906 2967 1000 3024 maris
1022 2967 1138 3024 humor.

349 3053 477 3112 Vestam
503 3061 533 3112 te
555 3053 697 3125 vocitant,
720 3060 811 3129 atque
832 3052 969 3110 Assidua
989 3052 1175 3128 indignaris,

351 3138 443 3214 Quod
462 3139 529 3196 duis
548 3137 689 3196 humanis
711 3137 862 3214 polcralia
883 3137 999 3194 adorea
1021 3136 1126 3194 multa.

350 3224 425 3287 Vise
445 3230 514 3282 tuos
538 3232 651 3294 castus,
676 3223 843 3280 ouandida
860 3222 1120 3298 tumpanieultrix‚

350 3308 479 3388 Victrix,
502 3305 606 3386 sospe'
628 3307 794 3384 Phrugum,
814 3307 937 3368 Saturni
957 3307 1090 3366 maxima
1110 3306 1233 3374 coniux,

350 3393 482 3466 Moesia,
505 3392 682 3471 Coeligana‚
705 3393 819 3465 nutrix,
840 3392 972 3450 fanatica
990 3391 1065 3450 Dia:

350 3479 449 3536 Laeta
470 3478 553 3538 adsis
575 3487 698 3556 gratans
721 3478 810 3537 festis
831 3484 899 3534 rata
919 3476 1049 3534 cultibus
1073 3476 1171 3552 signa.

353 3648 392 3708 27
620 3649 763 3707 Mercurii
783 3648 924 3723 suffimen,
947 3656 1001 3704 tus.

351 3733 446 3792 Maiai
469 3733 559 3807 stirps
581 3732 661 3790 alma
682 3733 837 3816 Iovisque,
860 3749 999 3803 accense,
1016 3730 1129 3802 viator,

352 3818 580 3896 Magnanimum
589 3819 775 3892 corhabens‚
783 3815 1264 3892 quinquertioaensorhomonnm,
1322 3876 1323 3889 χ

1210 4215 1214 4222 ⁹
