3000 4725
760 576 911 670 Q

379 743 428 817 14,
439 744 488 802 32.
504 737 650 822 κόσμημα
673 745 825 823 στρατιῆς,
848 747 936 825 τιμῆς
957 742 1129 827 πρόσχημα
1146 742 1284 824 ποθεινῖγς

504 828 605 898 τούτο,
630 821 840 908 Τριβουνείαις
859 831 949 908 ζῶμα
970 826 1087 910 πρέπον
1108 825 1229 908 λαγύσι.

379 912 429 984 14,
441 912 491 972 33.
502 908 644 990 -1θυτενὴς
659 909 696 991 ἣν
712 911 794 995 φλὲψ
814 912 947 995 μεσάτην
963 911 1108 996 ἐχάραξε,
1122 912 1273 994 μάχαιραν

506 993 649 1064 σίζουσαν
674 996 792 1079 ψυχρὸν
817 997 897 1080 βάψε
918 995 1066 1063 Σάλιυνος
1085 996 1185 1078 ὕδωρ.

380 1080 429 1152 14,
439 1081 490 1142 34.
504 1075 662 1162 Καίσαρος
684 1079 790 1162 εἰρήνη
814 1079 847 1163 μ)
862 1080 972 1163 ἐρατὴν
995 1079 1028 1148 ἐς
1047 1085 1158 1164 χρῆσιν
1175 1078 1285 1161 ἔκαμψε

441 1216 443 1222 ,
503 1161 638 1244 πρόσθεν
661 1162 757 1225 ὅπλον
782 1169 932 1248 στρατιῆς,
953 1169 1004 1227 νύν
1029 1165 1065 1226 δὲ
1083 1164 1264 1246 γεωπονίης.

381 1247 429 1320 14,
440 1250 491 1310 36.
506 1251 601 1309 ταῦτα
616 1254 846 1332 περισσοφυούς
854 1254 954 1332 κουρᾷ
966 1250 1069 1352 τριχδς
1079 1247 1171 1310 ἔντεα
1182 1247 1284 1329 πέμπω

504 1331 632 1413 ἄρμενα,
640 1333 690 1394 καὶ
699 1333 737 1394 τὰ
748 1332 874 1414 γνάθοις
887 1334 953 1415 μὲν,
966 1331 1045 1395 τοῖο)
1059 1331 1143 1403 ὄνυξι
1154 1333 1283 1416 μακροῖς.

380 1417 490 1490 14,37.
505 1413 541 1498 ἤν
566 1439 619 1499 μοι
641 1415 743 1522 βιβλία
767 1418 807 1500 μὴ
831 1419 924 1503 διδηῖς
943 1416 1083 1492 δεθέντα,

508 1500 619 1568 εἰσάξω
645 1523 728 1576 σεας,
750 1503 789 1585 ὴὲ
814 1506 908 1585 σῆτας
930 1500 1045 1585 ὠμούς.
1163 1555 1167 1558 .
1310 1560 1311 1563 ,

381 1585 429 1658 14,
439 1587 490 1648 38.
505 1585 548 1651 εἰς
557 1586 590 1646 τὸ
601 1583 1283 1669 γράφειν,καλάμουςΜεμφῖτιςγαῖαχορηγεῖ,
1310 1650 1311 1669 γ

504 1669 557 1751 τὴν
581 1670 690 1751 λοιπὴν
716 1671 746 1732 δ’
769 1671 844 1753 ύλην
870 1671 914 1739 είς
936 1672 971 1733 τδ
991 1671 1140 1753 κάλυμμα
1163 1669 1271 1751 τέγους.

381 1753 429 1826 14,
442 1755 492 1814 39.
507 1753 610 1836 κοίτης
633 1753 745 1838 λύχνος
769 1755 830 1836 ἐγὼ
853 1760 925 1838 τεῆς
947 1755 1108 1837 συνίστωρ,

505 1842 603 1900 ποιεῖν
626 1837 699 1912 ὅ,ττι
720 1839 792 1901 ποτ’
816 1838 853 1901 ἂν
875 1839 984 1922 θέλῃς,
1009 1844 1127 1900 σιωπῶ.

381 1923 429 1994 14,
441 1924 490 1983 40.
506 1922 620 2006 λύχνου
644 1923 692 1984 σοὶ
714 1923 894 2007 θεραπαινὶς
915 1924 973 2006 ἧκε
995 1923 1102 2006 κλήρῳ
1129 1946 1131 1951 ·

507 2006 622 2089 ὄρφνης
643 2009 831 2091 παννυχίδος
849 2007 949 2092 φύλαξ
972 2006 1135 2090 ἄγρυπνος.

381 2090 430 2164 14,
442 2093 491 2152 44.
505 2092 541 2173 ἢν
557 2090 597 2173 μὴ
615 2091 753 2174 τηρήσῃς
768 2096 801 2156 τὸ
817 2093 897 2176 φάος
909 2092 1014 2171 (ξύλον
1030 2091 1093 2173 είμὶ
1104 2091 1177 2174 γὰρ)
1195 2088 1229 2150 ἐκ
1237 2088 1278 2147 τού
1310 2134 1311 2157 ,

508 2173 684 2258 λυχνούχου
709 2175 823 2259 λύχνος
843 2175 875 2238 κ’
901 2176 979 2260 αἶψα
1003 2173 1122 2257 γένοιτο
1147 2173 1250 2258 μέγας·
1310 2172 1311 2185 ’

382 2259 430 2333 14,
443 2260 492 2320 43.
508 2259 733 2341 λαμπτήρεσσιν
749 2259 810 2341 ἐγὼ
822 2261 877 2343 μὲν
888 2260 1050 2341 ἐπώνυμος
1060 2260 1123 2341 εἰμὶ
1140 2255 1277 2320 παλαιοῖς·

508 2341 663 2425 ἄγνωστος
683 2344 847 2427 προγόνοις
865 2346 978 2430 νήφοσι
999 2343 1111 2429 λύχνος
1133 2341 1198 2427 ἔην.

381 2429 429 2500 14,
441 2430 490 2489 61.
507 2428 604 2535 φανὸς
617 2428 728 2511 δδηγδς
741 2426 806 2514 ἔχω
822 2431 875 2512 μὲν
889 2436 957 2514 φῶς
971 2427 1161 2536 ἔμφρουρον,
1174 2428 1240 2510 ἐμῷ
1253 2421 1277 2483 δὲ

382 2516 1211 2682 ,⁶213{152334141353122335421ffl
1230 2611 1265 2657 ..ς

506 2680 607 2743 κύστιν
637 2682 808 2747 ύπαντιύων
832 2683 929 2745 οἴεται
952 2684 1118 2765 είσοράανς

383 2767 430 2839 14,
443 2767 492 2826 41.
508 2766 551 2833 είς
569 2764 680 2849 λύχνος
702 2766 865 2851 κέκλημαι,
881 2767 944 2851 ἐμῇ
958 2767 1049 2850 φλογὶ
1066 2767 1174 2847 καίπερ
1194 2764 1278 2827 ύλοισι
1310 2779 1311 2790 ’

509 2850 700 2933 συμποσίοις
712 2853 842 2935 φαίνων,
861 2853 912 2917 καὶ
933 2850 1110 2934 πολύμυξος
1129 2850 1199 2912 ἐών.

382 2938 430 3009 14,
442 2937 492 2997 63.
507 2936 589 2997 τίπτε
606 2937 699 3019 γελᾷς
710 2938 862 3018 καλάμοις
870 2938 986 3019 πηκτίγν
1003 2960 1040 3018 με
1049 2936 1100 2997 καὶ
1109 2933 1177 3016 ᾐδέῖ
1190 2931 1276 3013 κηρῷλ

506 3020 525 3101 ἡ
546 3023 667 3102 πρῶτον
690 3021 809 3101 γεγαυῖ
833 3019 920 3083 ἔσκεν
943 3020 1146 3103 ύμοιοπαγής.
1255 3095 1267 3110 u

383 3105 431 3177 14,
442 3105 491 3165 47.
505 3107 579 3187 τῆλε
593 3105 710 3186 νεηνίαι
721 3104 801 3167 ἐστέ.
814 3104 947 3167 πέπουσι
963 3104 1020 3187 γὰρ
1035 3103 1161 3187 ἤραρον.
1177 3103 1274 3185 οῖμρνῑν

506 3187 637 3272 κωρύκῳ
661 3190 778 3260 παίζειν
802 3190 899 3262 παισὶ,
922 3188 1048 3273 γέρουσι
1067 3187 1186 3271 πρέπει.
1310 3265 1311 3268 ¹

382 3272 431 3346 14,
443 3275 493 3333 48.
509 3271 773 3355 ταύθ’ἥρπα[σ]σ’
782 3272 925 3336 Ἀνταίου
937 3273 979 3335 ἐνὶ
988 3262 1276 3349 σταδίοισινάθλητὴί
1310 3285 1311 3330 .

507 3358 653 3441 ἠλεμάτῳ
674 3358 782 3423 τείνων
804 3358 907 3441 μακρὰ
927 3360 1069 3441 τράχηλα
1088 3355 1183 3441 πύνιρ.

382 3442 493 3513 14,,46.
508 3441 569 3522 εἰμὶ
589 3442 654 3525 τεὴ,
677 3444 753 3526 λαιῇ
774 3444 890 3513 παίζων
916 3441 947 3504 εἴ
969 3443 1002 3526 μ’
1018 3441 1105 3508 οἶδας
1126 3437 1260 3502 ἀπωθεῖν.

506 3525 535 3589 εί
557 3525 591 3585 δὲ
610 3548 656 3587 τοι
681 3526 738 3590 οὐκ
758 3527 855 3602 οἶδας,
879 3530 1012 3611 σφαῖραν
1034 3520 1274 3608 ἀγροῖκάπύδνν·

384 3610 431 3682 14,
441 3609 493 3669 49.
506 3609 589 3670 τίπτε
600 3612 696 3695 μάτην
711 3612 839 3695 ἁλτῆρσι
852 3611 1149 3695 πονεύσιβραχίονε;
1161 3605 1272 3691 κρείσνν
1310 3621 1311 3716 γ

509 3692 571 3755 ἐστὶ
593 3695 722 3777 βροτούς
746 3697 850 3758 ἀσκεῖν
874 3693 950 3778 ἔργα
970 3695 1190 3779 φυτοσκαφίης.
1310 3741 1311 3758 .

382 3780 432 3852 14,
443 3780 493 3842 50.
509 3776 592 3862 ι’ίφρα
613 3780 645 3842 τδ
670 3780 815 3863 πηλῶδες
836 3781 926 3869 τρίχα
947 3781 988 3864 μὴ
1001 3780 1144 3863 ’πήρωμα
1166 3774 1263 3861 μιαίννῑ
