3000 4725
598 625 750 721 Q*

215 793 389 873 Statimque
410 792 519 871 volgus
539 795 631 854 armis

215 880 319 940 Omne
338 878 511 937 confodient
532 898 590 939 me.

214 964 291 1025 Tec.
335 963 405 1023 van
424 962 554 1023 mirere:
576 965 655 1023 tolec
677 982 852 1021 maxumum
874 982 962 1023 voces
986 964 1082 1023 virum
1133 966 1185 1021 410

214 1050 344 1122 Efficite,
367 1066 446 1125 qnae
469 1065 640 1108 nocensne
664 1056 747 1109 esset
769 1049 920 1106 antehac?

498 1132 528 1191 4.
550 1135 744 1210 Actictropitc
763 1133 853 1192 XVI.

213 1219 267 1276 Ai.
309 1216 412 1276 Fluvii
431 1218 573 1291 mariflui‚
593 1227 623 1277 et
644 1219 796 1277 maritima
815 1226 912 1290 1111111,

214 1304 257 1362 Et
276 1302 429 1360 littoreum
452 1303 647 1377 horremus,

213 1387 282 1446 Diu
301 1388 354 1444 diu
375 1406 424 1444 me
445 1387 515 1463 pluo
539 1388 616 1447 eatis

215 1472 347 1531 Tenetis
369 1478 440 1529 ente
460 1472 595 1530 Troiam.

214 1557 343 1618 Atenim
360 1556 442 1613 haud
462 1547 577 1616 lumine
599 1569 684 1614 com-¹

216 1652 339 1719 ·potem
362 1641 493 1717 amplios
513 1642 627 1700 licebit.

218 1727 353 1788 Credere
374 1726 433 1785 hoc
454 1736 545 1803 neget
564 1746 665 1785 nemo.

218 1814 247 1873 Ο
271 1810 469 1883 Scamander,
492 1812 542 1885 qni
566 1810 725 1888 proximus
747 1809 816 1867 fluis

216 1896 394 1956 Benevolue
416 1895 556 1973 Argivis:

216 1982 294 2041 Non
318 1981 451 2039 treberis

217 2066 363 2143 Amplius
382 2065 480 2124 virum
501 2068 581 2124 hunc

218 2152 350 2229 (Dicere
371 2170 435 2209 non
456 2152 599 2226 verebor)
622 2168 676 2208 ex·

220 2237 336 2308 -erciti‚
360 2236 505 2308 omnium,
610 2280 612 2286 .

220 2324 309 2399 Quos
332 2320 428 2381 Troia
448 2322 534 2394 vidit,
557 2327 711 2397 optumum

220 2406 421 2469 Graecanici:
446 2414 478 2465 ct
497 2407 564 2466 sine
586 2405 647 2464 ullo

219 2493 315 2553 Nunc
334 2493 451 2551 honore
471 2493 631 2550 iacentem.

221 2578 280 2638 Ch.
324 2575 392 2634 Nec
413 2575 644 2654 comprimendi,
664 2592 721 2630 nec
743 2571 917 2629 remittendi
938 2574 992 2644 tui,

220 2663 330 2724 Ullum
350 2661 470 2720 modum
490 2663 602 2720 habeo:
625 2667 712 2718 tante
731 2665 761 2714 te
783 2657 960 2716 incumbunt
978 2657 1069 2714 mela.

221 2749 273 2807 Αἰ.
319 2747 369 2818 Δί,
390 2747 432 2820 ci,
455 2747 523 2822 quis
545 2764 677 2820 unquam
698 2749 742 2800 tot
762 2761 862 2800 mcum
884 2743 1062 2819 cognomine
1140 2749 1192 2803 130

221 2833 305 2892 Meis
328 2839 468 2908 putasset
488 2830 651 2890 concinere
672 2845 781 2885 nomen
799 2825 912 2883 malis?

222 2919 276 2989 ni,
298 2915 418 2974 cilicet
438 2935 518 2975 nunc
539 2914 682 2993 proloqui
703 2912 762 2983 bie,
786 2918 833 2968 ter
854 2910 937 2968 mihi.

222 3002 308 3062 Nam
330 3021 380 3060 me
402 3002 548 3060 melorum
567 3008 653 3060 tanta
675 2998 839 3056 circunstct
859 2996 976 3054 cohors.

225 3087 322 3147 Cuius
341 3095 428 3163 poter
448 3105 589 3146 reversus
614 3086 652 3143 eb
676 3082 789 3140 Troice
810 3081 866 3138 hoc
889 3080 957 3140 solo

224 3173 363 3231 Domum
381 3171 490 3231 redivit
511 3179 627 3229 mactus
650 3168 734 3229 omni
756 3167 878 3225 adorea.

224 3259 295 3335 Ego
320 3266 420 3315 autem
443 3257 551 3316 eodem
572 3263 673 3328 natus,
690 3254 730 3311 od
750 3251 880 3310 'eundem
903 3251 1000 3309 locum

226 3342 401 3414 Profectus,
421 3343 531 3401 iisdem
553 3341 667 3400 viribus
692 3358 755 3397 non
776 3336 927 3414 indigens,

225 3426 288 3500 Qui
309 3446 368 3484 nec
387 3427 503 3486 minora
526 3434 615 3503 patre
637 3422 758 3502 patravi
777 3440 879 3493 manu,

226 3512 299 3570 Heu
321 3531 414 3588 pereo
435 3513 474 3570 ad
496 3513 589 3570 istum
609 3511 773 3568 inhonorus
792 3506 913 3584 Argivis
935 3508 1068 3566 modum.

227 3596 292 3658 Sed
313 3598 374 3656 hoc
393 3598 455 3657 scio
477 3597 558 3655 haud
577 3595 728 3656 obnoxie:
754 3591 782 3651 si
804 3591 841 3650 de
864 3591 928 3650 suis

228 3683 347 3741 Vivens
371 3682 510 3742 Achillen
534 3690 640 3758 ceptus
661 3678 754 3736 armis
775 3677 888 3735 arbiter

228 3767 418 3826 Palmarinm
434 3768 553 3827 virtutis
573 3764 666 3824 alicui
689 3757 853 3835 addiceret,

228 3852 332 3912 Nemo
351 3852 539 3913 abstulisset
553 3853 608 3910 illc
624 3859 696 3909 tunc
717 3865 816 3908 meam
835 3848 940 3907 vicem.
