3000 4725
616 581 766 675 Q

522 744 570 826 Νὴ
594 748 649 828 τὴν
672 746 855 829 νηξαμέναν.
1051 748 1148 827 ζῌθ)

237 831 282 894 Sic
303 834 381 892 mihi
402 834 544 893 caeruleo
566 835 670 893 faveat
687 835 792 893 Venus
814 842 880 892 orte
897 835 1061 912 profundo,

272 918 312 979 Ut
333 918 439 977 mollis
460 919 548 977 molli
569 921 707 996 proditur
727 938 779 976 ore
801 938 868 977 suo.

439 1138 443 1145 .
510 1080 615 1152 Ἐντὸς
634 1084 711 1166 ἐμῆς
729 1086 865 1167 κραδίης.
1050 1086 1148 1167 (Ml)

234 1170 274 1228 Te
296 1172 413 1230 dudum
435 1173 517 1231 vitre
537 1172 642 1244 vitam,
666 1172 843 1232 doctissima
862 1172 946 1230 fandi

270 1254 458 1331 Heliodoro,
481 1276 548 1315 meo
566 1266 692 1334 pectore
713 1258 841 1334 sculpsit
860 1260 965 1316 Amor.

545 1420 671 1485 Βοίδιον
693 1422 845 1505 αὐλητρίς.
1052 1427 1067 1494 ζ
1077 1422 1148 1507 (1·2)

234 1506 258 1566 0
277 1508 398 1584 Venus,
422 1512 578 1583 emeritae,
598 1512 724 1576 tibicina
743 1508 884 1571 Boedion
908 1520 997 1585 atque

269 1592 413 1670 Pythius,
439 1596 495 1655 has
517 1615 623 1668 nouus,
650 1596 706 1653 hes
730 1596 910 1671 tabulasque
931 1597 996 1655 tibi.

232 1674 357 1738 Institor
378 1689 411 1739 st
434 1689 595 1753 mercator,
619 1688 649 1737 et
671 1681 752 1739 unde
774 1682 850 1739 haee
870 1681 1002 1758 singule,
1025 1689 1055 1759 et
1068 1682 1148 1740 undo

269 1761 338 1821 Hae
359 1766 498 1838 tabulas,
520 1766 621 1842 potuit
639 1766 718 1824 seire
739 1784 884 1825 crumena
902 1775 965 1825 tua.

510 1929 703 1993 Ἀνθοδίαιτε
725 1930 867 2013 μέλισσα.
1053 1930 1067 2001 ζ
1077 1933 1148 2010 (13)

235 2009 348 2075 Onltrix
367 2019 457 2077 floris
478 2020 557 2096 spis,
581 2020 767 2080 curantibus
790 2018 978 2077 Heliodorus

269 2100 429 2176 Insidens,
453 2114 542 2163 netas
564 2124 636 2163 vere
657 2105 805 2178 relinquis
824 2103 924 2181 opes?

234 2183 316 2243 Anne
337 2189 402 2248 hoc
426 2188 592 2266 significas,
614 2191 696 2265 quod
718 2190 818 2247 dulcia
839 2189 923 2248 fellis
947 2188 1043 2246 amari

272 2268 370 2331 Corde
392 2275 448 2332 sub
468 2274 562 2332 infido
583 2276 701 2350 spicula
721 2276 844 2334 Amoris
871 2274 984 2333 habet?

235 2352 316 2414 Anne
342 2358 402 2417 hoo
426 2359 602 2436 significas?
624 2361 683 2419 hoo
703 2363 748 2419 sio
771 2369 828 2432 est,
851 2367 988 2435 utputo,
1016 2358 1060 2418 sio
1081 2367 1127 2418 est

271 2439 350 2502 Ηοο.
371 2445 429 2503 sed
450 2445 509 2503 sbi.
530 2446 591 2502 iem
614 2456 662 2505 sat
683 2447 824 2506 novimus
845 2445 936 2505 istud.
960 2445 1020 2502 abi.

466 2607 528 2672 Kal
549 2612 621 2693 πυρὶ
643 2613 694 2672 καὶ
715 2615 830 2691 νιφετῷ
853 2633 900 2691 με.
1004 2611 1006 2618 ’
1051 2611 1148 2688 ml)

234 2689 280 2748 Me
300 2697 387 2770 nive,
410 2717 458 2756 me
481 2699 624 2773 flammis,
646 2719 695 2756 me
717 2699 854 2756 fulminis
876 2699 946 2775 igne
966 2699 1102 2756 lacesse:

271 2776 331 2838 Per
351 2783 436 2859 iuge,
458 2801 514 2860 per
531 2785 611 2842 freta
631 2804 691 2855 me,
720 2785 747 2842 si
766 2783 862 2854 lubet,
885 2784 948 2840 alta
968 2783 1063 2840 trahe.

234 2855 297 2920 Nun
317 2867 440 2938 vincam
462 2888 531 2926 nam
555 2871 608 2948 qui
628 2868 734 2945 rapido
755 2874 886 2924 torretur
905 2887 1019 2940 amore,

272 2946 341 3010 Non
361 2962 453 3026 queat
475 2953 602 3026 infesto,
624 2973 691 3012 oum
713 2961 811 3024 tonat,
832 2953 903 3030 igne
925 2951 997 3028 peti.

237 3099 240 3106 ,
291 3101 294 3109 ,
638 3041 742 3096 Aliter.

235 3113 279 3172 Me
300 3121 384 3193 nive,
404 3140 453 3178 me
474 3123 606 3195 flammo,
627 3143 687 3197 me,
709 3124 736 3182 si
760 3122 844 3194 libet,
866 3121 979 3198 impete
1001 3138 1087 3179 sauro

273 3201 423 3264 Fulmiue.
446 3226 502 3282 per
520 3227 679 3284 praeceps,
704 3228 761 3286 per
783 3208 880 3266 muria
901 3207 962 3264 alta
981 3225 1063 3282 rupe.

235 3280 414 3363 Depositum
436 3292 529 3364 euris,
552 3293 759 3367 domitumque
784 3291 935 3368 Cupidine
957 3310 1047 3349 saevo

273 3369 411 3434 Flamma
432 3395 489 3434 neo
507 3395 527 3434 a
546 3396 664 3436 summo
687 3378 784 3436 misse
806 3377 949 3434 Tonante
971 3375 1077 3452 quatit.

483 3538 526 3603 Τὸ
549 3542 665 3626 σκύφος
684 3541 743 3623 ἡδὺ
768 3540 892 3622 γέγηθε.
1052 3543 1147 3622 ξ(15)

238 3615 332 3685 Sneve
349 3629 476 3702 renidet,
508 3639 539 3688 et
556 3631 615 3689 hoe
636 3650 698 3688 uuo
717 3649 750 3689 se
774 3630 897 3688 nomine
917 3630 1019 3701 iactet,

276 3709 442 3791 Zenophile
460 3715 593 3772 admovit
614 3716 693 3792 quod
714 3715 772 3773 sibi
794 3715 891 3787 labra,
916 3715 1006 3772 oelix.

241 3789 265 3848 0
289 3798 313 3854 si
336 3800 446 3858 ductim
470 3801 602 3856 enimam
622 3809 760 3859 nostram
783 3800 872 3860 simul
894 3801 996 3858 ebibat
1016 3799 1097 3874 ipsa,
