3000 4725
567 670 719 767 ffl-

189 838 322 901 Vitulans
347 848 479 901 ovanter
499 848 594 899 morte
614 839 743 899 coniecti
765 838 838 897 riri:

189 922 244 983 Sed
265 926 347 984 circa
371 942 492 1003 puppes
516 925 622 984 ultimo
645 932 734 983 aucto
756 925 880 999 spiritus

188 1007 331 1083 Excurso,
354 1010 471 1069 amaris
493 1010 614 1087 ignibus
635 1009 826 1082 cremabitur,

188 1092 281 1151 lovem
304 1095 459 1173 regalem
481 1094 614 1171 plurima
635 1094 774 1153 incalans
796 1110 888 1171 prece

187 1178 292 1237 Amara
312 1180 382 1238 fata
407 1187 597 1239 concremato
620 1187 766 1239 avertere.

187 1260 246 1319 Nec
267 1282 376 1343 agger,
400 1273 453 1323 ant
474 1266 581 1323 navale
604 1264 872 1342 propugnaculum,

187 1344 245 1404 Nec
267 1350 464 1409 crebrisurus
480 1349 602 1427 pluteus
621 1358 710 1425 atque
733 1348 886 1419 scansilia,

187 1428 252 1489 Non
272 1433 389 1493 iuverit
409 1434 517 1508 lorica,
543 1454 602 1492 nou
624 1436 785 1511 pinnarum
807 1452 897 1511 opus,

188 1512 243 1574 Sed
260 1518 348 1578 fumo
371 1526 407 1577 ut
430 1538 487 1577 axe
508 1518 706 1596 conglobatae
729 1519 878 1595 apiculae,

188 1597 310 1675 Vaporis
334 1622 425 1677 aura,
447 1604 632 1678 turriumque
654 1604 791 1675 verbere,

188 1680 210 1739 Ε
230 1705 333 1764 puppe
358 1688 531 1763 rostrisque
554 1694 645 1765 atque
667 1696 833 1747 rostrorum
850 1684 927 1745 ioris

189 1764 287 1828 Crebri
309 1773 502 1848 petauristae
525 1781 555 1830 et
577 1772 724 1832 sedilibus
748 1772 813 1831 anis

190 1848 267 1911 Saltu
286 1858 485 1937 peregrinam
508 1860 706 1916 cruentabant
727 1859 859 1914 humum.

188 1932 360 2019 Procosque
384 1943 493 2002 multos
517 1942 665 2002 Graeciae
683 1942 864 2019 palmarium

190 2018 282 2083 Hasta
301 2028 453 2101 ferentes,
476 2027 608 2086 inclutos
631 2028 786 2104 prosapia,

191 2103 267 2167 Tuae
287 2112 410 2173 feroces
433 2120 530 2171 morte
551 2113 726 2171 mactabunt
747 2127 856 2169 manus
922 2133 926 2137 ·

191 2188 268 2252 Tabo
290 2205 451 2270 cruentae,
473 2216 574 2255 amore
596 2197 670 2256 belli
693 2196 890 2275 asperrimae.

193 2271 245 2335 Sed
263 2280 334 2357 ipsa
357 2284 471 2341 luctum
492 2300 552 2340 nou
572 2282 720 2341 minorem
743 2281 906 2359 perferam,

193 2358 252 2422 Tuo
274 2387 332 2443 per
353 2387 444 2427 omne
465 2376 583 2427 maesta
605 2377 724 2446 tempus
747 2369 864 2426 funere.

194 2441 265 2506 Nam
282 2451 352 2511 dira
372 2453 414 2512 mi
435 2453 490 2510 illa
511 2453 577 2510 dira
597 2453 731 2513 lucescet
753 2452 829 2525 dies,

194 2527 458 2613 Gravissimusque
479 2538 622 2610 luctuum,
646 2540 719 2596 anni
742 2557 801 2613 quo
820 2555 910 2596 senes

195 2611 306 2678 Circum
329 2629 469 2683 rotantes
489 2621 668 2681 Noctilucae
687 2623 826 2681 viderint.

194 2694 256 2760 Heu
279 2706 341 2766 hen
361 2707 526 2785 gemendus
550 2716 579 2764 et
600 2707 673 2766 mihi
691 2709 745 2765 flos
770 2712 817 2764 cst
835 2713 916 2777 tuus,

195 2781 218 2842 0
237 2790 330 2866 pulle,
350 2792 447 2851 dulcis
468 2793 527 2850 heu
549 2801 706 2868 parentum
730 2790 860 2862 sarcina,

195 2869 300 2933 Amore
325 2895 452 2937 saevum
476 2877 526 2953 qui
551 2876 713 2935 draconem
736 2875 878 2954 saucians

195 2949 229 3010 Et
245 2958 327 3020 illice
348 2961 423 3040 igni,
448 2962 643 3037 sauciumque
661 2961 809 3038 compede

198 3033 283 3102 Grata
305 3065 453 3106 coercens
474 3057 595 3124 tempus
615 3048 764 3125 ingratum
786 3046 888 3115 breve,

196 3122 220 3181 A
240 3133 346 3191 saucio
368 3152 428 3190 non
449 3131 515 3208 ipse
533 3132 654 3192 saucius
676 3140 790 3204 tamen,

198 3203 363 3275 Truncatus
388 3235 470 3274 aram
491 3225 522 3274 tu
545 3219 715 3277 cruentabis
739 3216 844 3292 patris.

198 3285 260 3352 Heu
280 3318 328 3360 me
352 3301 514 3374 misellam,
535 3308 565 3359 et
582 3320 638 3378 par
657 3303 820 3379 benignum
841 3298 1002 3378 virginum,

198 3372 351 3462 Tuamque
372 3388 460 3444 bruta
481 3404 650 3460 conqueror
672 3389 765 3446 fatum
787 3385 889 3443 caniat

223 3482 326 3529 uarum
350 3490 487 3530 sororem
509 3479 592 3530 terra
614 3473 715 3554 nutriar
738 3471 864 3528 alteram

227 3547 305 3613 iulca
325 3555 482 3615 devorabit
500 3555 598 3615 infero
620 3573 712 3634 specu

200 3629 305 3698 Adulia
326 3641 460 3718 proxime
483 3641 649 3700 intuentem
671 3638 867 3710 incommoda,

201 3710 262 3786 Qun
281 3724 342 3784 late
363 3726 462 3784 avitus
480 3725 565 3785 lucus
588 3734 618 3784 et
636 3728 757 3785 bustum
779 3724 870 3799 lupae

201 3794 278 3864 Iacet
297 3809 436 3888 sepultae
456 3811 612 3872 adulterae
634 3829 702 3869 cum
724 3809 799 3868 filio.

202 3878 373 3970 Priusquam
396 3915 484 3974 opem
506 3897 655 3974 mulgeret
674 3895 776 3955 inians
797 3892 937 3963 lacteam,

842 3987 908 4049 22·
