3000 4725
729 560 883 653 jes—

391 726 546 787 Oousertis
567 726 663 789 labris
687 729 726 787 ud
746 748 816 787 mea
836 729 922 787 labra
944 728 1026 789 suist

352 897 448 974 (06)
621 890 778 976 qudccu
802 895 852 957 τὸν
868 890 1004 977 Ἔρωτα.

348 985 429 1044 Acer
449 985 545 1041 Amor
565 982 645 1039 lecto
670 983 795 1059 paribus
820 1000 852 1040 se
874 982 997 1041 sustulit
1016 982 1073 1041 alis

390 1066 495 1126 Prima
512 1068 590 1125 luce.
611 1065 700 1142 Quis,
721 1087 750 1139 0,
774 1066 874 1140 dicite,
896 1066 971 1125 vidit
992 1068 1081 1125 eum?

348 1151 447 1211 Dulce
468 1172 546 1229 puer
566 1152 721 1211 lacrimat:
742 1151 895 1229 petulans,
917 1152 1085 1227 simumque
1108 1154 1233 1213 renidet:
1316 1164 1317 1213 ἐ

391 1237 513 1315 Aliger:
540 1257 578 1295 ex
599 1237 732 1296 humeris
753 1238 835 1313 picta
856 1237 1000 1313 pharetra
1023 1246 1122 1297 sonat.

349 1319 412 1382 Sed
429 1330 517 1399 patre
538 1341 598 1396 quo
618 1322 748 1398 genitus,
762 1322 807 1381 nil
820 1321 890 1378 dum
904 1322 978 1379 scio.
1001 1322 1134 1382 Lucidus
1148 1324 1253 1395 aether,

391 1405 488 1465 Terra
509 1407 618 1478 lerum,
640 1415 670 1464 et
690 1414 804 1484 pontus
825 1407 1028 1483 progenuisse
1051 1416 1173 1485 negant.

350 1491 489 1551 Oderunt
510 1510 617 1550 omnes
637 1492 772 1552 omnino.
795 1493 836 1551 At
858 1492 1004 1565 quaerite,
1024 1492 1052 1551 si
1072 1512 1131 1568 qua

390 1577 526 1636 Incautis
550 1577 659 1635 animis
681 1577 759 1634 retia
781 1576 877 1633 tendit
896 1577 1003 1634 adhuc.

348 1663 450 1737 Atque
472 1680 576 1720 eccum
595 1663 628 1719 in
645 1662 783 1719 latebris.
804 1660 910 1733 Video,
932 1661 1089 1720 iaculator.
1110 1662 1143 1721 in
1164 1662 1238 1739 ipsis

390 1746 574 1823 Zenophiles
600 1746 708 1819 oculis,
733 1767 751 1805 ο
774 1746 910 1823 fugitive,
931 1746 1020 1804 lates.

350 1914 447 1992 (Oi)
612 1909 785 1973 Πωλείσθω
810 1912 861 1973 καὶ
884 1912 1006 1993 ματρὸς.

348 2001 497 2084 vaeneat,
522 2007 552 2057 et
572 1999 686 2076 gremio
707 2000 902 2073 requiescens
926 2000 1032 2058 matris
1054 1999 1187 2076 inipso:

391 2086 538 2143 Vaeneat.
563 2084 743 2143 indomitum
766 2103 818 2143 cur
839 2103 934 2161 genus
957 2085 1040 2143 istud
1061 2084 1129 2143 alo?

276 2179 277 2182 ’
347 2170 389 2230 Et
409 2170 530 2240 simum,
555 2176 586 2226 et
604 2169 726 2226 volucre
744 2177 802 2241 est,
819 2178 849 2226 et
862 2178 965 2227 acutos
978 2168 1122 2244 imprimit
1133 2188 1258 2246 unguet,

341 2304 346 2313 .
390 2254 431 2313 Et
448 2252 513 2309 risu
535 2252 566 2309 in
586 2254 694 2312 mediis
715 2254 836 2312 fletibus
861 2273 916 2312 ora
938 2254 1041 2329 quatit.

348 2338 514 2398 Praeterea
535 2337 711 2412 durumque,
733 2339 918 2416 loquaxque,
942 2346 971 2397 et
991 2339 1104 2397 lumine
1125 2338 1258 2409 vibrans3

392 2422 489 2496 Quem
512 2441 612 2499 neque
631 2433 824 2484 mansuetum
847 2425 959 2483 dixerit
979 2425 1049 2501 ipsa
1068 2443 1192 2500 parens.
1213 2447 1222 2458 ·

349 2508 449 2568 Totus
472 2508 650 2584 prodigium.
675 2507 737 2568 Sed
761 2519 897 2568 vaeneat.
921 2510 1041 2568 institor
1063 2509 1155 2568 adsis.

393 2592 427 2653 Si
449 2592 505 2651 tibi
527 2593 711 2670 mancipium
731 2613 803 2652 cura
824 2614 946 2670 parare,
970 2595 1048 2652 veni.

349 2679 419 2740 Flet
436 2687 550 2752 tamen,
572 2697 652 2736 ecce.
671 2679 756 2738 Bono
772 2680 872 2737 animo
885 2699 927 2738 es.
938 2687 968 2737 te
980 2699 1039 2737 non
1054 2699 1110 2756 ego
1123 2679 1258 2750 vendam,

391 2764 452 2822 Hic
474 2782 541 2822 cum
564 2764 737 2840 Zenophila
758 2765 836 2837 vive,
864 2765 1014 2841 simulque
1037 2783 1136 2822 mane.

350 2933 367 3000 ζ
375 2935 445 3011 (18)
602 2925 680 2991 Eius
700 2930 858 2992 Λυκαινίδι
879 2929 1008 3012 Δορκὰς.

349 3018 482 3092 Dorcas,
505 3021 544 3092 ei,
566 3037 644 3095 quae
668 3037 702 3076 se
728 3018 891 3078 simulabat
915 3038 1027 3090 amare,
1049 3017 1193 3094 Lycaeni,

392 3104 463 3177 Dic,
486 3112 574 3180 capta
593 3122 645 3175 es·;
666 3102 772 3161 Patuit
793 3112 929 3180 tempore
953 3105 1040 3161 fictus
1064 3105 1164 3161 Amor.

351 3271 448 3350 (0⁰)
605 3266 669 3337 Νὺξ
693 3269 807 3351 μακρὴ,
833 3270 884 3330 καὶ
905 3273 1011 3350 χεῖμα.
1062 3337 1066 3344 ,

351 3356 429 3415 Nox
449 3357 550 3414 media
572 3365 622 3416 est
642 3365 671 3414 et
694 3358 791 3416 saevit
802 3357 898 3416 hiems
909 3377 921 3414 a
939 3356 1040 3416 media
1052 3356 1162 3414 occidit
1174 3354 1257 3412 undis

394 3440 514 3501 Pleias:
539 3461 593 3519 ego
615 3443 653 3499 ad
676 3442 829 3500 Dominae
851 3441 999 3518 perpluor
1019 3443 1115 3500 imbre
1135 3441 1221 3498 fores.

350 3527 431 3587 Uror
452 3546 552 3585 amore
573 3527 719 3586 Helenes.
742 3526 831 3585 Nam
847 3535 922 3586 sunt
941 3545 977 3584 ea
1000 3527 1061 3583 tela
1083 3525 1208 3596 doloris,

392 3611 463 3670 Non
487 3631 580 3684 amor,
603 3631 619 3670 e
639 3613 745 3688 rapido
766 3631 843 3688 quae
866 3611 937 3669 iacit
956 3611 1026 3687 igne
1047 3610 1161 3670 Venus.
