3000 4725
684 621 853 719 aaa..

321 793 358 837 est
380 785 499 855 eopnntio
524 785 592 835 inter
613 784 642 847 G,
672 793 697 835 et
715 788 746 838 G.
795 788 840 837 Sia
865 790 957 853 ingone
982 805 1015 837 en
1041 790 1143 851 iniens,
1165 788 1233 856 quot

320 854 420 906 seilicet
440 854 538 905 casseri
551 870 603 904 non
615 861 701 921 potest
712 872 759 907 nec
772 856 914 908 aestimari.
944 857 989 907 ste
998 858 1070 924 opud
1083 857 1229 919 Vononem,

321 924 419 974 aitante
445 923 547 983 Nonio,
575 924 637 987 quin
663 924 696 973 ad
723 925 849 975 amussim
872 927 915 975 diu
934 940 998 989 gons
1016 931 1070 975 n'on
1087 935 1153 976 erat:
1182 924 1231 992 iope

320 994 448 1055 Duigons.
473 992 542 1058 qnod
559 1000 597 1041 est
616 992 764 1051 Diucensus
788 993 859 1061 opud
877 993 989 1054 Festum,
1016 1002 1133 1045 etvetus
1155 994 1231 1045 Glos-

322 1061 422 1116 som'um
441 1060 534 1110 Sancti
554 1060 684 1111 Germani.

358 1129 468 1179 Tenirae
486 1136 545 1179 sunt
565 1128 645 1189 Deae,
667 1146 730 1197 quos
747 1129 837 1179 Festus
851 1130 890 1179 ait
910 1146 927 1179 o
937 1130 1053 1181 Tenuire
1064 1131 1105 1179 itn
1119 1128 1233 1181 necatos.

321 1198 365 1247 lta
382 1197 477 1247 Furias
497 1197 690 1248 nominavimus.
724 1198 890 1247 seductores
905 1206 968 1265 puto
989 1198 1087 1248 dixisse
1103 1200 1234 1260 Tamisos,

320 1273 350 1315 ut
368 1264 474 1326 Oeonas,
493 1273 517 1315 et
534 1266 641 1327 Poenas,
663 1275 687 1316 et
700 1266 827 1334 pleraque
847 1267 978 1318 eiusmodi.
1002 1267 1097 1334 Itaque
1111 1268 1236 1320 Tesnirao

321 1342 396 1384 erunt
414 1335 562 1404 τισάνειραι,
585 1350 651 1401 quoe
667 1336 779 1385 homines
795 1335 914 1402 puniunt.

342 1402 372 1453 16
407 1404 518 1454 Telamo
536 1420 580 1453 seu
600 1404 728 1465 Tellumo,
746 1404 813 1454 idem
830 1411 875 1454 est.
903 1405 970 1467 Quos
990 1403 1087 1453 Graeci
1107 1401 1234 1459 ἄτλαντας

321 1470 391 1543 παρὰ
417 1469 447 1522 τὸ
465 1470 556 1541 τλῆναι
576 1480 717 1534 uocarunt,
748 1490 790 1523 eos
815 1472 905 1523 Latini
930 1473 1095 1523 Telamonis.
1138 1472 1192 1521 Sed
1209 1478 1238 1521 nt

320 1537 441 1607 τελαμὼν
463 1540 591 1591 Graecum
611 1539 680 1611 παρὰ
696 1539 725 1591 τὸ
742 1539 818 1611 τλᾷν.
835 1542 915 1591 itaet
932 1542 1050 1591 Tellamo
1067 1540 1143 1607 ,apud
1169 1540 1238 1590 Var-

321 1624 425 1669 ronem,
453 1608 549 1659 vitante
572 1607 731 1675 Aupustino‚
762 1611 877 1677 quamvis
905 1628 938 1659 ee
964 1608 1065 1659 Tellure
1089 1609 1233 1669 deductam,
1327 1655 1328 1658 ,

322 1678 398 1744 quasi
418 1672 514 1747 χθονὸς
535 1673 604 1734 θεὸς,
628 1686 712 1727 tamen
730 1686 768 1727 est
786 1679 962 1746 idemipsum,
981 1685 1006 1726 et
1026 1678 1131 1727 eandem
1155 1678 1235 1745 oripi-

320 1762 377 1797 nem
397 1744 486 1799 habet:
508 1746 576 1795 Nom
595 1754 619 1795 et
641 1748 732 1797 Tellus
750 1748 809 1813 ipso
827 1748 882 1797 sine
899 1748 1018 1797 Tellumo
1036 1746 1107 1816 παρὰ
1119 1744 1152 1796 τὸ
1163 1745 1237 1816 τλᾷν.

320 1814 363 1864 nel
381 1822 410 1865 ut
435 1816 565 1865 oetussimi
585 1815 680 1865 Graeci
698 1813 794 1867 τελάω.
829 1816 896 1865 unde
914 1817 966 1865 telo
984 1814 1150 1875 Latinorum,
1173 1814 1238 1882 qnod

320 1884 431 1951 posteris
450 1883 546 1933 dietam
565 1884 655 1933 Tollo:
682 1884 717 1945 E,
737 1886 767 1934 in
787 1884 808 1934 0
827 1892 856 1933 ut
874 1885 961 1945 Elaea,
981 1884 1065 1933 olera:
1090 1886 1236 1942 homonem,

321 1954 472 2014 homonem3
490 1960 536 2003 etc.
559 1959 583 2000 et
597 1954 730 2019 pomino-ta
751 1962 915 2003 comonante.
933 1969 994 2002 nom
1013 1960 1111 2001 veteres
1126 1970 1184 2002 non
1191 1970 1237 2019 pe-

321 2020 455 2071 minobant
473 2030 650 2071 consonantes.
689 2022 756 2083 Quin
775 2029 799 2070 et
821 2023 904 2088 ipsum
923 2021 1083 2071 Graecorum
1103 2023 1237 2088 antiquum
1327 2071 1328 2080 ¹

321 2086 419 2146 τελάω,
437 2091 599 2156 pereprinum
620 2098 673 2152 est;
690 2098 728 2139 est
745 2090 821 2151 enim,
841 2098 871 2139 ut
887 2091 992 2155 infinita
1004 2088 1069 2150 alia,
1083 2090 1238 2155 eaSyriooa

323 2159 421 2225 lingua.
440 2175 500 2208 nom
516 2160 544 2207 in
564 2176 595 2208 ea
609 2160 660 2208 Tol
680 2166 717 2207 est
734 2156 811 2227 τλᾷν,
827 2166 857 2207 nt
875 2156 921 2229 ἔρα
934 2159 1044 2224 Syriaco
1063 2174 1115 2220 oro,
1135 2157 1236 2208 Arato

322 2233 347 2276 et
363 2226 476 2277 Hebraei
495 2228 555 2278 Erd.
576 2244 624 2293 quo
644 2228 744 2277 nomine
762 2244 846 2276 omnes
859 2245 928 2345 pene
943 2228 983 2277 ito
998 2234 1101 2279 oocont.

339 2293 356 2344 ⁸2
391 2295 556 2344 Ambarvalia
573 2296 707 2361 Neptunus
727 2296 796 2362 quod
815 2312 856 2344 oin
873 2297 913 2345 int
931 2312 1005 2345 oron.

339 2363 356 2414 3
391 2365 527 2428 Empanda
546 2382 594 2430 pro
610 2365 709 2417 Cerere.
735 2365 818 2414 Varro
830 2365 900 2432 opud
910 2363 1090 2432 Aupustinum,
1104 2371 1129 2413 et
1140 2364 1237 2414 Festus.

340 2431 356 2480 4
391 2433 441 2482 Die
458 2450 490 2481 eo
510 2433 610 2484 Graeco
633 2431 692 2490 δεὺς
710 2451 761 2501 pro
781 2433 848 2494 ζεὺς.
871 2434 937 2484 unde
954 2434 1058 2501 patrius
1080 2449 1158 2482 cosas
1178 2430 1238 2488 διός.

325 2499 396 2550 Unde
415 2501 516 2552 Diiovis
540 2501 611 2568 opud
630 2501 780 2552 Varronem.
801 2510 894 2569 postea
913 2504 938 2552 D
960 2503 1052 2570 petiit,
1076 2508 1105 2551 ut
1125 2503 1238 2558 Dianas,

321 2569 408 2620 Ianus.
435 2570 501 2619 unde
521 2571 607 2620 Diana
630 2572 724 2620 mansit
748 2571 819 2641 παρὰ
841 2569 870 2622 τὸ
892 2570 956 2622 δῖον.
981 2571 1035 2621 Nos
1057 2571 1086 2620 in
1112 2569 1192 2631 Iove,
1210 2577 1238 2618 ut

322 2637 401 2688 etiam
416 2638 549 2701 in,multis
567 2639 642 2700 otiis,
669 2656 823 2690 communem
848 2641 991 2706 opinionem
1009 2639 1091 2688 secuti
1114 2655 1202 2688 sumus
1222 2654 1238 2686 a

321 2707 446 2760 Iuvendo.
894 2711 898 2719 “

340 2774 356 2826 4
391 2777 517 2836 Februus,
538 2782 575 2825 est
596 2793 612 2827 a
636 2777 736 2828 Graeco
758 2775 901 2847 φοιβάζειν.
923 2773 1054 2846 φοίβερσς.
1094 2775 1141 2824 Ita
1159 2775 1238 2841 ipitur
1327 2792 1328 2799 ¹

322 2844 451 2895 Phoebum
470 2845 601 2894 vertimus.

340 2911 357 2963 6
375 2913 523 2975 ,Nerienem
541 2913 668 2963 Mavortis
689 2930 835 2980 copnomen.
857 2913 981 2962 Sabinum
993 2910 1159 2970 vocabulum,
1170 2907 1238 2978 παρὰ

322 2980 351 3032 τὸ
371 2985 458 3052 νεῦρα.
478 2980 628 3048 Aliquando
646 2981 995 3048 videtursipnificoreDeam
1007 2981 1124 3040 consitem
1133 2979 1238 3029 Martis.

322 3051 414 3116 ltaque
431 3057 552 3116 putamus
570 3049 637 3100 nihil
657 3067 709 3100 esse
727 3068 805 3118 quam
820 3048 926 3120 νηρεῑδα
941 3050 984 3100 oel
997 3049 1122 3120 νερεῑνην.
1144 3048 1238 3098 Nerine

327 3119 449 3171 Galatea.

339 3185 355 3238 7
390 3189 521 3238 Parando.
543 3186 627 3236 Varro
646 3185 717 3253 apud
733 3185 915 3252 Augu-stiuam,
938 3185 1033 3236 Graeci
1047 3180 1172 3235 εἰλίθυιαν
1191 3199 1236 3233 oo-

323 3264 385 3308 oant
410 3255 480 3326 παρὰ
499 3255 545 3325 τὴν
565 3253 672 3306 ἔλευσιν.
702 3255 772 3321 quod
793 3253 874 3318 focile
894 3255 1002 3306 accedat
1019 3253 1141 3303 iuvandis
1157 3268 1237 3319 puer-

321 3325 402 3391 peris,
421 3323 463 3374 nel
481 3323 549 3390 quod
565 3323 646 3388 facile
663 3323 732 3374 uiam
750 3323 794 3372 det
808 3324 909 3390 partui,
931 3321 980 3374 hoc
999 3323 1035 3374 od
1051 3320 1158 3372 verbum
1176 3326 1237 3370 esset

322 3393 418 3442 Latine
430 3393 542 3455 Venilia,
553 3410 619 3459 quoe
630 3399 667 3442 est
679 3409 695 3442 a
711 3392 844 3454 ueniendo,
861 3400 891 3441 ut
902 3393 941 3441 oit
955 3392 1054 3443 Varro:
1071 3389 1118 3438 sed
1133 3388 1191 3439 aiio
1201 3394 1237 3437 est

323 3461 388 3513 Dea.
406 3461 462 3511 Nos
480 3478 531 3512 non
549 3462 697 3528 respicimus
714 3468 857 3528 potestates
874 3477 961 3510 eorum
976 3460 1115 3519 numimsm,
1133 3458 1237 3508 sedno-

323 3529 394 3579 mina
416 3537 522 3580 tontum.
542 3529 702 3580 invocabant
720 3537 744 3579 et
758 3529 936 3580 Nummeriam
947 3531 1040 3589 Deam,
1059 3527 1139 3577 utoit
1153 3526 1236 3576 Varro

323 3598 362 3648 De
383 3597 469 3648 liberis
488 3599 635 3659 educandis,
654 3597 722 3664 quod
737 3614 844 3648 numero
860 3616 909 3666 pro
918 3599 1022 3669 ταχέως
1036 3596 1134 3646 dicunt.
1150 3596 1238 3661 itaque

323 3665 370 3788 τέν
389 3665 525 3718 ὠκῦτοκον
545 3667 722 3717 Nummeriam
741 3667 872 3718 vertimus.
1229 3726 1235 3735 ·

392 3737 472 3787 virae
491 3742 550 3784 sunt
568 3735 706 3801 nymphae,
728 3743 757 3785 ut
776 3733 841 3785 olibi
862 3753 894 3801 ep
918 3735 993 3784 Festo
1011 3731 1138 3792 diximus,
1164 3744 1236 3797 quom

324 3802 461 3876 χλωρίδες.
483 3804 671 3866 Querquetuloe
693 3801 811 3874 δρυάδες.
