3000 4725
621 656 772 752 A

389 824 418 881 2.
463 826 500 882 ln
521 826 645 885 Icuoas'c
665 829 844 904 Bonnesonii
865 828 1014 889 Poemata.

248 906 361 966 Prodite
384 928 477 967 aurea
496 910 610 987 scripta
631 912 815 985 Bonnefonr,

247 991 334 1051 Prodi
357 994 487 1051 candida
508 995 597 1054 Musa
619 996 808 1070 Bonnefonl,

248 1077 285 1137 Ut
306 1078 403 1136 doctis
425 1079 516 1137 etiam
537 1081 625 1140 Italis
647 1083 795 1158 pudorem

246 1162 398 1239 Imponas,
420 1164 530 1238 quibus
553 1166 584 1224 in
606 1166 735 1225 Poetica
757 1167 839 1227 assis

246 1246 310 1305 Non
330 1257 378 1307 est
400 1247 505 1307 Gallia
521 1258 616 1309 terrac
639 1270 770 1327 namque
795 1250 868 1310 solis

245 1330 364 1391 Romuli
386 1333 588 1411 popularibus
611 1336 760 1411 Remique

245 1418 395 1477 Musarum
417 1419 584 1478 attribuunt
601 1422 696 1479 salem
712 1430 801 1496 atque
815 1428 953 1498 gustum3

245 1502 285 1561 Ut
304 1522 428 1577 quorum
448 1504 565 1580 patrios
586 1507 726 1579 utrinque
746 1506 824 1563 lines

245 1587 484 1671 Infemas'mare
506 1589 599 1667 cingit
620 1600 672 1649 aut
693 1589 861 1667 Saparnos.

244 1670 305 1731 Nos
327 1692 449 1750 vappae
470 1692 586 1747 sumus,
610 1684 699 1749 atque
720 1674 919 1752 Apollinares

244 1757 338 1815 Lixae
361 1758 481 1816 Musica
501 1767 601 1819 castra
622 1770 838 1837 pervagantes,

245 1842 328 1917 Quos
346 1862 403 1901 nec
424 1842 511 1902 Italis
532 1864 607 1901 aura
630 1846 789 1921 vagientes

243 1927 376 1985 Primum
399 1928 566 2002 adflaverit,
594 1938 646 1987 aut
667 1931 781 1988 Latina
802 1948 936 1987 mamma

243 2012 303 2071 Lac
324 2013 507 2071 immulserit
527 2014 658 2073 humidis
683 2014 815 2073 labellis.

244 2097 288 2155 Tu
312 2106 422 2157 contra
441 2098 597 2158 Ausonios
620 2100 809 2177 pereleganti

243 2181 353 2241 Doctos
378 2183 511 2241 carmine
530 2202 677 2259 provocas
696 2184 823 2243 Poetae.

244 2266 291 2327 sio
318 2276 383 2338 est3
405 2268 548 2328 materies
570 2269 640 2327 boni
657 2269 772 2327 Poetae

242 2354 329 2413 Merx
350 2361 399 2412 est
420 2352 553 2430 publica,
574 2373 664 2430 quam
685 2354 737 2413 Dii
758 2352 883 2431 benigni

242 2438 387 2497 Vendunt
408 2438 547 2498 omnibus
570 2439 708 2514 improbo
731 2440 845 2498 labore.

242 2522 330 2582 Hanc
353 2523 402 2580 cui
425 2543 484 2581 non
502 2524 586 2582 lubet
607 2542 676 2582 esse
698 2525 875 2602 negligenti,

241 2607 342 2668 Docta
362 2609 497 2666 Musicae
518 2610 550 2666 iu
572 2609 645 2667 artis
668 2609 790 2668 officina

243 2691 305 2753 Sub
328 2693 438 2751 incude
460 2693 574 2752 laboris
597 2711 692 2767 usque
713 2694 843 2752 tundens

243 2776 320 2838 Sese
342 2778 471 2836 fabricat
490 2788 521 2835 et
540 2780 588 2838 sui
607 2779 720 2836 artifex
740 2780 789 2836 fit:

242 2862 308 2922 Nec
326 2863 443 2922 Romae
467 2861 543 2921 satis
568 2871 614 2922 est
633 2863 730 2922 fuisse
753 2870 873 2931 natum3

178 2955 182 2964 ’
242 2947 324 3007 Nam
348 2949 394 3020 fit,
417 2967 478 3006 non
499 2948 587 3008 modo
612 2949 746 3010 nascitur
769 2947 874 3005 Poeta.

386 3118 414 3176 3.
457 3121 495 3177 Ia
514 3117 654 3175 Poemata
677 3120 740 3176 Iac.
766 3115 888 3174 Cortinii
910 3112 1026 3172 Οἰεεαεί.

243 3202 309 3260 Iam
330 3202 391 3261 sibi
410 3202 502 3260 decus
525 3211 683 3280 arrogaret
701 3202 809 3278 iugens

244 3286 351 3345 Tellus
376 3286 455 3344 Itala
475 3285 570 3345 literis
594 3295 625 3344 et
646 3287 754 3356 armis;

245 3369 320 3430 (lum
341 3370 463 3429 tandem
485 3381 576 3448 caput
596 3372 726 3430 efferens
746 3370 880 3428 tenebris

244 3456 294 3514 Illi
317 3457 486 3532 praeripuit
508 3457 600 3515 decus
622 3456 725 3528 duelli,

246 3539 338 3601 Solae
360 3540 463 3602 Gallia
483 3542 588 3600 literas
612 3542 742 3616 reliquit.

244 3625 307 3684 Diu
329 3626 466 3685 constitit
490 3628 565 3684 haec
587 3626 705 3701 utrique
727 3622 842 3700 palma,

245 3709 308 3769 Diu
331 3710 421 3768 laude
444 3730 509 3785 sua,
531 3730 588 3770 sua
608 3711 775 3788 palaestra,

248 3793 308 3855 Suo
330 3813 454 3854 munere
477 3798 595 3856 functus
617 3805 665 3855 cst
685 3803 823 3868 uterque,

249 3879 356 3941 Gallus
379 3882 531 3940 maximus
553 3883 623 3954 hoc,
643 3880 773 3939 Latinus
794 3874 866 3944 illo;
