3000 4725
706 650 858 745 ..rr-

326 816 446 883 Sistens
470 822 638 881 obscoenas
661 822 780 897 species
805 822 922 880 crucias
943 822 1123 882 animorum.

325 991 366 1050 39
414 990 523 1051 Ocresia
539 992 862 1049 matriaEleaaiaicaaia
875 992 1015 1067 suffimen,
1028 1002 1156 1051 storace.

324 1076 416 1137 Alma
435 1075 529 1135 Ceres
550 1083 648 1135 mater
667 1076 793 1149 Divdm,
816 1076 1014 1134 celeberrima
1035 1076 1107 1150 Dia,

324 1161 447 1234 Rumia,
470 1169 577 1220 sancta
596 1161 701 1235 Pales,
731 1162 813 1237 copis
836 1161 1010 1238 largissima
1031 1162 1115 1235 victi,

325 1247 440 1308 Omnia
461 1247 549 1319 dans,
571 1247 686 1325 fruges,
711 1255 741 1304 et
760 1263 846 1324 opes,
867 1246 1018 1319 Pomona,
1041 1244 1185 1324 Segesta,

326 1331 458 1390 Tantum
477 1332 695 1390 concelebrans
717 1350 835 1408 pacem,
860 1331 1072 1409 agricolaeque
1092 1332 1231 1395 laborest

326 1415 466 1489 Semona,
487 1416 663 1490 Accumula,
684 1416 828 1488 tritutrix,
850 1415 1115 1493 frugiparensque,

326 1501 412 1576 Quae
435 1508 582 1579 augurstae
602 1502 734 1567 sacraria
754 1499 911 1561 Eleusinia
933 1502 1109 1561 dominaris.

327 1585 515 1659 Oiucunda,
537 1587 679 1665 benigna,
700 1586 856 1645 hominum
879 1586 1090 1662 placidissima
1110 1589 1226 1661 nutrix,

326 1671 411 1745 Quae
428 1671 512 1746 prior
530 1672 681 1750 agricolas
703 1671 821 1731 iunxsti
843 1673 900 1730 sub
921 1671 1057 1749 plaustra
1076 1672 1210 1747 triones,

326 1756 484 1815 illecebris
505 1758 606 1815 mitem
628 1757 772 1815 edulcans
792 1752 966 1815 mortalibu’
989 1757 1115 1815 victum:

325 1842 404 1902 Aevi
421 1841 611 1915 adolescens,
633 1842 873 1917 Brumcrumque
896 1842 1021 1914 sodalis,
1044 1843 1168 1902 honora

325 1926 432 2000 Lucia,
455 1928 659 2005 taedigerens,
680 1946 849 1986 messorum
872 1923 993 1985 falcibu’
1016 1926 1167 2005 gaudeus.

327 2011 467 2071 Tellumo
488 2020 531 2086 tu,
551 2020 643 2089 tuque
665 2011 805 2083 illustris,
826 2020 918 2085 tuque
940 2008 1073 2070 omnibu’
1094 2013 1216 2087 ridens,

325 2096 507 2169 Proletario,
531 2116 638 2156 amans
658 2105 759 2169 natae,
779 2096 849 2155 Dea
869 2096 980 2154 Rumia
1003 2098 1115 2170 nutrix,

327 2181 413 2256 Quae
434 2176 553 2259 biiuges
574 2183 680 2259 auriga
701 2182 811 2258 iugans
840 2180 878 2238 ad
899 2180 987 2239 frena
1008 2182 1159 2255 colubras,

326 2268 484 2327 Amfractu
505 2268 645 2325 circaneo
670 2286 744 2326 ovas
767 2274 820 2325 tua
841 2283 889 2323 am
912 2266 981 2325 sola
1000 2264 1116 2325 sancta,

326 2352 479 2430 Unigena,
497 2352 634 2424 otforda,
650 2361 739 2428 atque
753 2351 905 2410 hominum
925 2352 1145 2431 augustissima
1161 2372 1247 2428 cura,

328 2438 411 2514 Quoi
434 2447 504 2497 sunt
527 2440 690 2516 omnigena
707 2446 737 2495 et
759 2437 832 2513 quoi
854 2437 1075 2515 frugiparentia
1094 2439 1186 2497 volta.

327 2523 408 2601 Ergo
432 2523 491 2580 huc
515 2523 716 2600 spicigerente
738 2539 923 2600 gravescens
944 2541 1069 2581 munere
1084 2524 1247 2598 adesdum,

327 2608 491 2667 Adducons
513 2627 620 2685 pacem
645 2616 674 2666 et
696 2609 797 2686 legum
819 2607 985 2682 concordia
1002 2609 1079 2681 iura,

327 2693 499 2768 Fertileque
520 2696 596 2752 uber
616 2711 720 2770 opum,
747 2700 778 2750 et
795 2692 945 2769 pollentia
967 2694 1050 2751 dona
1072 2694 1194 2752 salutis.

328 2865 369 2921 40
480 2863 658 2938 Empaadae
675 2865 778 2920 macta
798 2863 939 2938 suffimen,
963 2872 1106 2921 aromata.

329 2949 533 3025 Omnipotens
554 2946 713 3023 Empanda
733 2965 857 3022 parens,
879 2946 1076 3006 celeberrima
1098 2946 1172 3020 Dia,

327 3036 426 3094 Mater
439 3032 699 3110 Coeligenquue
710 3031 823 3103 Derim,
844 3040 874 3088 et
886 3033 1056 3090 mortalium
1064 3033 1247 3105 homonum,

329 3117 414 3192 Quae
436 3118 509 3177 olim
532 3135 637 3176 errans
660 3116 815 3175 desiderio
836 3117 956 3194 perfixa
974 3118 1082 3175 nitenti

329 3201 437 3265 Solate
458 3222 490 3262 es
512 3203 544 3260 in
564 3202 720 3262 Eleusinis
740 3201 855 3259 ieiunia
871 3201 964 3276 valle,

327 3289 429 3348 Furva
451 3287 557 3346 obiens
580 3287 788 3363 Proserpinae
810 3287 1027 3362 omnipotentis
1050 3294 1186 3361 Averna,

328 3374 402 3450 Ipsa
424 3373 530 3431 ducem
551 3371 711 3431 offendens
733 3391 842 3448 purum
862 3391 924 3430 non
947 3390 1023 3446 pura
1045 3371 1192 3447 puellum,

328 3457 511 3518 Narrantem
533 3456 644 3516 inferni
666 3457 820 3516 connubia
839 3456 956 3515 Diiovi’
976 3457 1083 3516 sancti.

329 3541 415 3616 Quae
441 3542 574 3602 Consum
596 3543 678 3618 paris
699 3541 760 3600 icta
780 3541 905 3599 humani
924 3541 1051 3600 volnere
1076 3539 1203 3601 amoris.

329 3628 375 3687 Tc
397 3629 523 3688 multum
542 3627 639 3685 votita
657 3645 768 3704 precor
787 3627 980 3686 sanctissima
999 3633 1106 3697 mater,

329 3713 398 3773 Huc
419 3723 471 3772 tuo
493 3711 657 3770 adventare
677 3713 830 3772 faventem
853 3712 904 3769 dia
925 3709 1066 3770 Camillo.
