3000 4725
673 590 734 650 3¹1

562 759 691 837 stropha
716 759 836 817 XIIII.

237 844 290 905 Oh.
334 848 454 904 Amore
476 846 636 905 tremisco:
658 846 749 904 vitulo
769 841 880 921 gaudio
903 859 1007 919 vagus.

234 931 281 1003 Io,
302 932 348 1003 Io,
371 951 391 988 o
415 930 494 989 Fau·

236 1035 300 1087 -ηε,
326 1036 346 1074 o
370 1035 507 1094 pervage
529 1017 647 1075 Fauno:

235 1098 404 1177 Cylleniae
425 1101 567 1177 speculae
580 1101 653 1179 iuga

234 1187 312 1262 Age,
333 1205 367 1258 o,
387 1186 537 1264 ninguida
557 1186 661 1260 linque
683 1204 821 1261 scrupea.
842 1184 926 1243 adsis

233 1268 338 1328 Deum
362 1271 568 1330 salisubsule:
590 1279 681 1347 atque
701 1279 805 1349 gestus

235 1353 439 1414 Guossiacos
457 1376 513 1434 age

235 1440 373 1514 Mecum,
399 1441 610 1516 indocilesque
631 1442 709 1518 pede

236 1521 336 1596 Quate
361 1526 416 1583 bio
436 1526 575 1585 choreae.

236 1606 327 1668 Nunc
351 1610 431 1669 mibi
455 1610 591 1670 saltitare
612 1629 702 1668 curae
725 1615 781 1669 est.

236 1691 371 1753 Icarium
394 1695 494 1755 salum
521 1714 682 1774 superaus,
704 1704 804 1753 traus-

238 1780 373 1839 warine
398 1779 476 1839 Dire
500 1781 623 1857 Apollo,

237 1864 377 1940 Apertus
404 1874 434 1924 et
455 1885 606 1943 apparens

237 1948 357 2010 Adesto
380 1950 557 2027 placabilis,
581 1961 672 2027 atque
692 1950 778 2008 felix.

534 2038 728 2112 Antistropbc
753 2033 871 2093 XIIII.

237 2115 393 2180 Remotus
412 2120 493 2178 cuim
517 2139 588 2179 acer
611 2124 649 2181 ab
668 2120 763 2179 oculis
778 2119 849 2177 muli
862 2117 956 2175 labor.

240 2200 282 2274 Io,
304 2206 352 2278 Io,
376 2223 459 2263 nuuc
481 2226 499 2265 ο
523 2224 603 2264 nuuc

239 2288 399 2349 Accedere
421 2292 527 2369 Iuppi-

242 2381 311 2448 ·ter‚
335 2378 453 2449 fausta,
476 2375 606 2435 candida
626 2374 679 2433 lux
702 2375 773 2435 sivit

242 2455 326 2520 Gitas
349 2462 531 2540 fluctivagos
555 2468 648 2533 rates,
669 2461 739 2534 quia
760 2461 840 2519 Aiax

240 2539 356 2605 Furore
380 2545 511 2620 levatus,
533 2555 563 2605 et
584 2546 718 2603 Deorum

242 2625 327 2689 Iusta
350 2640 492 2707 operatus
514 2639 572 2703 est,

241 2710 280 2770 Et
304 2735 389 2774 nunc
410 2717 524 2793 pietate
546 2716 652 2774 colens

242 2793 299 2855 Pia
320 2801 465 2878 benigna.

245 2881 361 2944 Omnia
383 2895 503 2963 tempus
527 2903 596 2943 acre
620 2885 709 2943 delet.

243 2962 310 3026 Nec
331 2972 400 3029 fieri
420 2982 511 3030 omne
529 2989 636 3048 posse,
660 2969 830 3048 negandum
854 2976 911 3028 est.

243 3048 303 3110 Ubi
326 3056 396 3134 ipse
419 3057 576 3116 restitutus

244 3135 323 3198 Aiax
346 3141 433 3199 modo
453 3141 568 3200 Atridis
589 3140 636 3198 in·
676 3208 678 3211 ¹

246 3224 371 3298 opinus
393 3233 502 3285 estex
522 3225 661 3302 graviore
684 3225 748 3283 lite.

244 3301 394 3370 Nuncius.
438 3310 503 3369 Hos
516 3311 657 3387 primum,
671 3308 772 3382 amici,
787 3327 843 3368 vos
858 3327 914 3386 ego
933 3309 1058 3367 edoctos
1072 3310 1160 3370 volo:

246 3386 367 3453 Recens
388 3396 426 3452 ab
451 3395 521 3454 altis
541 3395 662 3471 Mysiae
685 3394 804 3452 Teucer
826 3393 905 3470 iugis
1161 3402 1215 3456 720

246 3475 352 3538 Adest.
374 3480 402 3539 is
428 3488 528 3538 autem
550 3479 652 3538 media
672 3487 774 3537 caetra
791 3496 971 3555 permeans·

247 3555 364 3622 Petitur
381 3565 500 3623 acerbis
518 3566 652 3622 omnium
673 3564 820 3641 Argivbm
842 3565 969 3639 probris.

247 3639 428 3707 versantem
448 3649 528 3708 euim
547 3650 633 3708 illum
655 3649 873 3709 sciscitabundi
894 3650 994 3725 procul

249 3725 531 3794 circumsteterunt:
551 3735 622 3792 hiuc
644 3742 675 3792 et
694 3735 766 3794 hinc
789 3735 936 3794 conviciis

250 3809 407 3891 Lacerant,
427 3819 593 3879 lacessunt.
617 3820 758 3883 nonfuit
781 3820 917 3895 quinon
941 3837 1008 3878 cum
1162 3827 1215 3882 7·ὶό
