3000 4725
733 618 883 713 -a-o-

348 786 498 847 Virtntum
521 788 628 859 series,
652 787 777 848 virtutes
800 788 933 847 vindicat
952 806 1068 847 omnes.

349 870 402 933 Sic
422 890 501 948 quae
521 880 592 930 sunt
612 872 692 931 curis
715 874 842 932 aliorum
864 881 936 931 nata
959 872 1097 933 levandis

348 956 422 1016 Otia
443 958 610 1030 Musarum,
631 956 765 1017 lacrimis
785 966 856 1018 sunt
876 956 990 1034 pabula
1010 959 1136 1021 nostris.

347 1042 388 1101 Et
409 1059 487 1116 quae
508 1051 578 1100 suut
600 1043 715 1102 cunctis
736 1043 925 1101 medicamen
950 1042 1021 1100 leue
1039 1043 1180 1104 laborum

347 1126 514 1198 Litsrulae,
538 1126 624 1185 nobis
641 1127 779 1187 coeuntia
798 1136 931 1203 tempore
953 1128 1047 1203 longo

348 1211 483 1270 Vulnera
504 1212 690 1284 rescindunt,
712 1212 814 1271 animo
834 1214 907 1288 quia
928 1230 1008 1271 vana
1029 1212 1215 1289 ministrant,

348 1294 459 1369 Qualia
479 1296 808 1356 fallacesfrustrantur
827 1298 938 1375 gaudia
960 1298 1061 1356 somni

348 1381 451 1441 Instar
472 1388 641 1455 ventorum,
662 1382 840 1456 levibusque
861 1382 1016 1441 simillima
1035 1382 1143 1442 fumis:
1182 1394 1185 1399 '

347 1465 400 1538 Ut,
422 1466 541 1541 quoties
563 1467 637 1523 mihi
656 1467 737 1525 lecta
748 1468 851 1539 refert,
864 1483 967 1543 ,neque
986 1476 1120 1542 praestat
1134 1471 1265 1529 amicum

347 1550 477 1629 Pagina,
501 1551 634 1611 detester
655 1552 745 1610 toties
770 1571 840 1609 mea
857 1552 981 1609 numina
1004 1554 1120 1611 Musas.

347 1635 423 1693 Inde
443 1636 487 1708 tit,
509 1644 552 1708 ut,
576 1637 703 1710 siquae
725 1638 869 1695 manabat
888 1637 1001 1713 largior
1024 1637 1098 1694 olim

348 1718 477 1782 Castalii
497 1720 596 1780 laticis
617 1731 721 1781 nostro
743 1723 782 1780 de
804 1731 928 1797 pectore
950 1740 1038 1793 vena,

347 1805 518 1882 Pauperior
539 1807 621 1877 fluat,
643 1815 673 1864 et
688 1825 854 1882 suppresso
876 1807 961 1865 fonte
983 1806 1116 1865 resistat.

347 1890 436 1950 Unde
457 1891 549 1968 igitur
571 1911 689 1964 versus,
713 1901 742 1949 et
763 1901 853 1968 rapto
875 1910 997 1949 carmen
1019 1889 1117 1948 amieo

348 1974 517 2047 Sufficiam,
539 1977 590 2045 cui¹
606 1996 662 2033 nee
680 1976 826 2036 Phoebus
847 1975 1024 2052 respondet,
1047 1982 1081 2032 ut
1099 1983 1181 2049 ante,

347 2060 415 2119 Neo
435 2068 521 2119 vetus
543 2062 659 2136 aspirat
680 2069 857 2139 vegetantes
877 2062 1011 2137 impetus
1033 2077 1135 2132 auras,

347 2145 547 2218 Parnassum,
571 2153 601 2203 et
620 2165 737 2205 sacram
760 2145 866 2205 solitas
886 2145 1045 2222 impellere
1068 2143 1231 2204 Cirrham?

348 2228 438 2304 Quod
461 2230 535 2286 mihi
556 2230 583 2288 si
605 2230 689 2289 nullo
711 2229 898 2306 squallerent
916 2237 1041 2308 pectora
1053 2230 1147 2303 luctu,

348 2315 388 2375 Et
407 2334 465 2392 par
486 2314 641 2394 ingenium
661 2316 779 2394 magnis
803 2316 963 2376 conatibus
985 2323 1080 2389 esset,

348 2399 493 2477 Supremi
513 2401 608 2459 officii
627 2410 816 2477 praestarem
837 2403 905 2460 iura
926 2400 1036 2460 sodali.

349 2479 411 2546 Sed
432 2485 505 2562 vigil
529 2485 567 2542 ad
588 2504 686 2559 curas,
711 2487 845 2562 solisque
866 2486 994 2544 adsueta
1013 2483 1146 2560 querelis

347 2569 418 2628 Non
442 2569 524 2627 venit
544 2571 583 2628 ad
603 2579 706 2647 partes
726 2572 816 2632 toties
836 2571 909 2629 mihi
929 2573 1019 2628 Musa
1040 2570 1143 2642 citata,

348 2654 410 2713 Pro
431 2655 531 2714 verbis
554 2656 685 2715 fundens
706 2657 859 2730 lacrimas,
878 2676 935 2732 pro
956 2654 1089 2712 carmine
1109 2661 1248 2729 questus.

348 2739 398 2798 Ne
420 2750 522 2799 tamen
544 2751 595 2799 aut
616 2742 727 2818 pietas,
751 2751 814 2815 aut,
836 2741 921 2800 cuius
941 2749 1048 2798 sancta
1069 2748 1224 2815 potestas,

349 2823 508 2884 claudicet
524 2826 618 2884 officii
637 2846 708 2902 pars
731 2827 795 2884 ulla
817 2825 985 2896 novissima
1004 2824 1111 2894 nobis3

348 2911 418 2968 Huc
442 2910 515 2969 ades
540 2911 673 2970 adiutrix
696 2913 795 2972 nostri
815 2911 922 2989 regina
943 2909 1071 2981 laboris,

288 2999 290 3009 '
348 2996 388 3056 Et
409 2996 493 3068 mihi,
516 2997 722 3074 Melpomene,
742 2998 876 3074 potiores
897 2994 1040 3072 praecipe
1064 2987 1192 3065 Cantus,

348 3079 485 3140 Fletibus
506 3081 672 3142 immodicis
697 3091 835 3142 statuens
861 3081 929 3154 quis
950 3079 1096 3137 terminus
1116 3079 1238 3137 haeret:

350 3165 434 3240 Quos
457 3166 608 3225 desiderio
631 3167 720 3238 fines,
744 3186 821 3241 quae
843 3174 984 3241 tempora
1003 3183 1091 3240 pono.

285 3241 287 3248 ¹
348 3250 390 3309 Et
408 3268 498 3323 quum
519 3259 549 3308 te
572 3252 602 3308 in
625 3257 742 3328 partein
761 3252 954 3308 lacrimarum
976 3267 1070 3325 saepe
1090 3248 1234 3321 vocarim,

348 3334 436 3392 Pone
451 3354 564 3410 ngraves
582 3337 722 3413 gemitus,
743 3336 936 3409 lamentaque
956 3333 1062 3392 desine
1081 3351 1210 3407 mecum,

348 3419 504 3477 Funereos
525 3419 659 3480 lacerata
680 3422 778 3493 sinus,
802 3420 942 3479 immissa
963 3420 1091 3476 fluentes

349 3504 441 3562 Hirta
461 3523 517 3580 per
540 3524 592 3562 ora
614 3525 729 3579 comas,
752 3514 783 3564 et
804 3506 904 3566 scisso
928 3502 1079 3580 squallida
1098 3502 1201 3578 peplo.

296 3649 298 3654 ,
351 3587 446 3648 Come
470 3597 639 3649 serenatam
664 3592 744 3652 festo
768 3591 940 3650 diademate
959 3589 1101 3646 frontem.

349 3673 446 3732 Indue
466 3693 619 3749 purpureo
640 3677 795 3735 radiantes
818 3677 933 3734 lumine
954 3674 1062 3732 cultus.

350 3758 491 3816 Detersis
514 3759 605 3832 curis,
627 3769 657 3818 et
674 3761 765 3837 pulsa
787 3763 866 3820 nube
888 3760 998 3820 doloris

352 3842 545 3919 compositos
568 3863 673 3905 manes
695 3847 784 3906 hilari
809 3846 924 3923 pietate
944 3843 1090 3903 colamus.
