3000 4725
752 606 794 663 24

320 773 434 832 Bidens
456 773 564 844 amica,
588 780 677 832 nocte
700 776 840 851 pantices
860 775 996 833 solvens.

320 861 362 918 At
381 868 449 916 cum
472 858 649 934 coquendae
672 866 793 936 tempus
816 860 934 935 appetit
954 877 1080 932 coenae,

320 944 363 1003 Ut
388 951 562 1001 exstruatur
583 942 685 1019 lignea
704 946 793 1003 focus
818 946 923 1014 caede,

321 1028 414 1104 (Quis
437 1046 509 1105 ergo
533 1027 655 1087 damnet
672 1037 713 1101 te,
737 1030 912 1107 Lycurgei)
936 1030 1125 1087 Moneandus

320 1112 505 1172 Exoodicari
526 1112 647 1170 vineam
667 1115 762 1186 iubet,
784 1116 863 1172 vites

324 1198 440 1258 Caesae
462 1199 567 1258 voraci
586 1198 639 1255 dat
659 1200 821 1277 benignius
840 1200 998 1257 flammae:

321 1284 362 1342 Et
383 1283 436 1360 qui
458 1301 515 1341 suo
535 1300 655 1341 crevere
677 1285 791 1343 Libero
812 1285 921 1356 trunci,

323 1368 424 1428 Ceteri
445 1368 529 1426 iubet
549 1369 651 1444 perire
670 1369 775 1427 Liberi
794 1378 890 1428 vates.

321 1453 393 1513 Non
415 1453 476 1511 alia
491 1472 608 1525 mensa,
628 1472 718 1527 quem
739 1454 788 1512 vel
810 1455 899 1512 unius
925 1461 1029 1512 custos

321 1538 449 1597 Pluteus
471 1538 590 1614 papyri,
613 1538 662 1595 vel
685 1540 776 1597 duum
798 1538 977 1597 libellorum.
1006 1594 1017 1607 J

322 1626 425 1696 Abax,
448 1630 478 1680 et
498 1622 577 1680 idem
600 1630 648 1681 est
659 1624 791 1699 pluteus.
813 1625 975 1699 huicpenu
989 1624 1084 1701 longo

324 1708 399 1767 Non
418 1708 603 1785 integrarum
622 1710 724 1769 fictilis
747 1710 929 1786 patellarum

322 1797 413 1854 Astat
434 1792 588 1869 supellex:
614 1802 715 1853 curtus
738 1814 864 1853 urceus:
885 1793 982 1869 pelvis

323 1878 471 1939 Dimidia:
494 1885 584 1954 rupto
606 1877 703 1937 latere
725 1880 821 1939 futilis
845 1887 965 1957 guttus;

324 1964 488 2038 Triumque
511 1963 665 2038 quondam
687 1966 844 2023 nasiterna
863 1981 1024 2021 nasorum:

324 2048 475 2108 Necnon
496 2048 622 2104 matella
646 2066 713 2105 cum
737 2068 844 2107 sorore
868 2055 1009 2119 creterra,

325 2132 479 2209 (Namque
499 2132 574 2188 haec
596 2132 710 2190 bibenti
733 2135 836 2205 servit,
857 2133 912 2190 illa
935 2132 1085 2206 meienti.)

323 2217 405 2277 Huic
426 2234 503 2275 ansa
526 2216 627 2292 periit,
649 2218 704 2274 illa
726 2238 789 2276 nou
812 2219 904 2277 habet
924 2218 1063 2276 limbum:

324 2302 453 2380 Aquale,
474 2302 582 2374 futum,
604 2302 705 2375 trulla,
727 2303 872 2380 pollulum
893 2303 1021 2362 labrum.

323 2392 365 2449 At
384 2389 416 2446 in
436 2386 578 2464 quasiHo,
601 2388 653 2462 qui
673 2389 819 2464 pependit
837 2408 853 2445 e
874 2389 967 2466 tigno,

326 2472 454 2534 Semesa
474 2487 581 2548 perna,
605 2474 745 2547 caseique
767 2473 932 2546 buccellae,

323 2557 508 2618 Examinum
530 2566 596 2614 atra
618 2559 850 2616 verminantium
872 2559 959 2616 cella.

324 2644 364 2702 Et
386 2642 417 2699 in
442 2640 566 2712 tabella,
586 2643 789 2718 proximoque
810 2643 937 2720 paxillo,

324 2726 471 2787 Frustilla
491 2726 631 2802 pridiana
653 2729 754 2787 carnis
776 2731 932 2800 ambesae,

326 2813 476 2873 Analecta
494 2830 577 2884 rosa,
588 2843 589 2850 κ
600 2821 631 2870 et
652 2812 716 2871 olla
734 2815 809 2873 iuris
835 2812 981 2883 hesterni,

325 2897 544 2955 Lucanicorum
568 2896 697 2958 circulus
720 2900 915 2971 botelloru-m,

325 2982 383 3040 Vel
398 2983 471 3040 lanx
494 2982 604 3054 omasi,
632 2983 679 3040 vel
701 2985 819 3055 catinus
841 2984 996 3041 hillarum:

327 3067 424 3141 Quae,
444 3066 602 3143 pridianae
624 3085 690 3124 cum
712 3069 853 3144 poeticen
876 3070 984 3127 Musae

324 3151 504 3223 Destertuit,
527 3149 656 3210 conviva
678 3160 820 3226 strenuus
841 3152 938 3230 glutit.

327 3235 472 3312 (lapsella
496 3238 612 3298 subtus.
635 3237 692 3294 hac
714 3247 841 3314 reposta
864 3244 1003 3296 servatur

325 3320 516 3379 Poeticorum
543 3322 696 3397 synthesis
718 3322 890 3380 libellorum
898 3342 907 3391 ;

327 3404 464 3478 Servata,
485 3425 541 3464 nec
566 3415 696 3481 servata,
719 3407 861 3482 quatinus
884 3424 1005 3481 semper

326 3487 386 3548 Illa
407 3490 548 3567 inquilini
571 3492 684 3568 scripta
705 3499 865 3568 permeant
885 3509 1003 3560 mures3

328 3576 447 3651 Quibus
469 3577 562 3634 refert
582 3577 772 3636 Moncaudus
791 3595 869 3635 unus
893 3582 1060 3650 acceptum,

328 3660 420 3736 Quod
440 3661 564 3738 scripsit
581 3661 644 3720 illis
671 3662 733 3734 illa,
758 3682 821 3720 non
847 3661 906 3720 sibi
926 3668 1052 3718 tantum.

326 3745 447 3803 Deinde
465 3745 699 3822 ploxenum,'et
719 3747 884 3806 forensium
901 3753 1006 3804 custos

328 3831 527 3891 Liticularum
550 3831 653 3910 bulga,
676 3850 751 3906 quas
773 3840 803 3889 et
823 3832 851 3891 is
874 3850 943 3890 raro
