3000 4725
781 595 843 658 140

356 757 394 826 Εἰ
417 759 458 843 μὴ
483 757 589 822 δύναιο
612 759 696 845 βοῦν,
720 757 830 824 έλαυν’
852 759 938 844 ὅμως
957 755 1038 822 ὄνον.

356 843 395 910 Εἰ
417 843 458 927 μὴ
483 843 628 928 φυλάξεις
649 843 686 908 τὰ
709 845 790 930 μίκρ’
815 845 942 912 ἀπολεῖς
961 841 998 905 τά
1024 842 1162 927 μείζονα.

357 927 395 994 Εἰ
415 927 506 1012 τυρόν
531 926 627 1014 εἶχον,
653 928 710 993 ούκ
732 928 768 994 ἀν
790 928 867 1014 ὄψον
891 926 1078 992 όπεπόθουν.

356 1010 499 1078 Εἴδωλον
524 1009 622 1098 έργιυν
645 1012 724 1076 ἐστὶν
747 1014 915 1099 ἀνθρώπου
937 1010 1038 1093 λόγος.

356 1094 485 1180 Ε’ίληφα
510 1096 704 1181 τυρόκνηστιν
728 1098 902 1166 ἀπωλεκιθς
921 1096 1023 1160 πόλιν.

357 1179 411 1249 Εἰς
434 1179 641 1250 ἀσθενοῦντας
664 1181 805 1246 ἀσθενῶν
829 1181 978 1266 ἐλήλυθα.

356 1263 411 1333 Εἰς
434 1265 555 1330 δεῖπνον
587 1265 678 1350 ννδρα
699 1267 750 1330 τόν
777 1264 952 1352 Κυρηναῖον
972 1266 1087 1334 καλεῖς.

357 1348 412 1418 Εἰς
434 1347 530 1432 όλμον
554 1289 637 1434 ῦῖιορ
660 1350 772 1436 ἐγχέας
792 1352 933 1436 πλήττεις
952 1347 1045 1435 ἔχων.

358 1431 412 1502 Εἰς
433 1431 487 1502 τὰς
510 1434 665 1520 μαχαίρας
686 1435 881 1520 ἠκονημένας
901 1437 1015 1499 πεσών.

357 1515 412 1588 Et<
431 1516 486 1586 τάς
507 1519 647 1602 μελίττας
670 1519 777 1603 ἀγρίας
798 1520 973 1603 ἐκώμασας.

357 1599 412 1670 Εἰς
432 1600 487 1670 τάς
507 1603 627 1687 ὁμοίας,
649 1604 731 1689 φίλε,
755 1605 853 1690 λαβὰς
877 1604 1041 1689 ἐλήλυθας.

352 1683 410 1750 Ἐκ
433 1687 546 1756 παντὸς
563 1681 682 1772 ιΕρμῆς
701 1688 737 1752 ού
761 1689 906 1773 γενηθείη
929 1689 1032 1759 ξύλου.

356 1768 412 1834 Ἐκ
434 1774 489 1834 τοῦ
514 1771 588 1856 βοός
610 1773 659 1836 δεῖ
677 1773 749 1842 τοὺς
772 1775 899 1857 ἱμάντας
922 1772 1101 1858 λαμβάνειν.

356 1852 413 1920 Ἐκ
435 1858 489 1917 τοῦ
514 1857 588 1941 ἀρήν
610 1855 667 1941 γάρ
690 1857 781 1940 γίνετ’
807 1858 983 2006 ἀνθρώποις
1005 1857 1089 1941 έρᾷν.

351 1936 505 2008 Ἕκαστος
522 1941 612 2024 ἡμῶν
636 1941 673 2005 ού
695 1941 819 2025 γέγονεν
843 1965 864 2006 α
884 1948 928 2026 τῷ
949 1940 1053 2025 μόνον.

354 2022 444 2090 Ἐκεῖ
465 2024 626 2108 βλέπουσα
650 2025 736 2110 δεῦρ’
762 2028 840 2092 ἀνίει
862 2027 889 2090 τ’
914 2025 1027 2109 ἀγαθά.

351 2105 460 2192 υΕκητι
483 2107 684 2179 Συλοσῶντος
706 2110 894 2197 εὐρυχωρία.

354 2189 474 2276 Ἐκυψε
499 2197 721 2341 σιγβίπρῶτον,
748 2197 848 2280 ὥςπερ
872 2193 1026 2280 Τήλεφος.

358 2272 532 2361 Ἐλευθέρα
586 2277 711 2363 όρκυρα.
737 2279 805 2367 χέζ’
833 2281 912 2344 όπου
930 2279 1041 2353 θέλεις.

355 2361 448 2445 Ἐμοὶ
470 2362 505 2425 δὲ
527 2364 608 2448 λῷον
632 2364 709 2448 αῖμα
731 2366 873 2450 ταύρειον
896 2370 986 2430 πιεῖν.

354 2445 448 2528 Ἐμοὶ
471 2448 599 2530 μελήσει
617 2453 713 2513 ταῦτα
732 2451 785 2513 καλ
804 2454 930 2519 λευκαῖς
950 2446 1066 2533 κόραις.

357 2529 457 2613 Ἐμοῦ
481 2530 629 2601 θανόντος
648 2539 722 2616 γαῖα
744 2558 777 2619 μι
799 2535 885 2619 θήτιο
907 2533 990 2618 πυρί.

355 2613 459 2697 Ἔμπο
482 2638 508 2693 ε,
528 2617 751 2683 κατάπλεοσον.
772 2558 890 2691 ίῖελοῦ.
912 2619 1111 2701 πεπράσεται.

359 2697 412 2765 Ἐν
433 2638 502 2784 ἀάρι
523 2702 628 2765 τεκαὶ
649 2703 753 2788 δρόσῳ
777 2705 965 2787 σιτούμενος.

359 2782 412 2849 Ἐν
434 2789 476 2869 γή
498 2783 647 2851 πένεσθαι
671 2791 800 2872 μᾶλλον,
823 2790 843 2873 ή
867 2789 1060 2852 πλουτοῦντα
1081 2789 1178 2852 πλεῖν.

359 2867 412 2935 Ἐν
436 2870 518 2935 νυκτὶ
537 2871 633 2955 βουλὴ
658 2876 721 2943 τοῖς
748 2878 872 2958 σοφοῖσι
892 2874 1015 2954 γίνεται.

353 2952 411 3019 Ἓν
436 2956 486 3019 δεῖ
506 2954 535 3016 α’
554 2953 682 3020 ἑλέσθαι
698 2962 760 3021 τῶν
780 2961 871 3042 τριῶν
896 2954 1110 3041 Θηραμένους.

360 3037 412 3104 Ἐν
436 3039 518 3121 νυκτὶ
540 3041 691 3145 λαμπρός,
712 3042 743 3105 ἐν
770 3043 843 3127 φάει
867 3040 899 3106 δ’
923 3040 1097 3188 ἀνωφελὴς.

360 3121 413 3189 Ἔν
437 3123 527 3189 παντὶ
551 3124 613 3207 μυθ
660 3127 766 3191 καὶτὸ
786 3128 944 3191 Δαιδάλου
969 3150 990 3209 μ
1011 3147 1074 3194 σος.

360 3205 414 3272 Ἐν
435 3209 602 3292 πλησμον”
615 3148 659 3273 δὲ
677 3207 806 3294 Κύπρις,
829 3211 861 3274 έν
882 3215 1011 3275 πεινῶσι
1031 3209 1060 3273 δ’
1078 3206 1127 3273 ού.

361 3288 414 3356 Ἐν
436 3295 500 3360 τοῖς
521 3292 670 3375 ἀμούσοις
692 3296 744 3359 καὶ
762 3291 904 3378 Κόρυδος
924 3294 1101 3380 φθέγγεται.

361 3372 414 3440 Ἐν
437 3380 501 3444 τοῖς
523 3378 660 3447 κολοιοῖς
687 3381 728 3463 μὴ
755 3379 891 3463 ἀρίστευ’
912 3377 1012 3448 ἀετός.
1079 3378 1083 3383 ’

360 3456 414 3525 Ἐν
437 3465 482 3545 τῷ
505 3460 592 3545 μέρει
613 3463 657 3533 τὶς
675 3465 727 3527 καὶ
749 3466 784 3527 τό
808 3470 869 3550 πῦρ
887 3464 1099 3528 σκαλευσάτυ.

362 3541 414 3609 Ἐν
439 3550 484 3631 τιβ
504 3545 587 3630 πίθῳ
604 3552 657 3631 τῆν
678 3550 846 3633 κεραμικήν
870 3550 1065 3631 διδάσκομαι.

357 3626 502 3694 Ἔνεισινῖ
516 3630 547 3693 έν
573 3632 704 3697 δειλοῖσι
726 3632 892 3738 κήνανδροι
913 3633 1010 3715 λόγοι.
1120 3662 1123 3669 ·

359 3710 481 3779 Ἐνεστι
500 3711 555 3800 κᾷν
576 3716 712 3801 μύρμακι
729 3740 785 3803 κιρν
810 3717 916 3805 σέρφῳ
958 3717 1027 3779 ολά.

359 3794 452 3865 Ἔνθ’
477 3800 548 3865 υύτε
571 3801 688 3887 μίμνειν
711 3801 835 3888 άνεμσς,
857 3800 926 3867 οὔτ’
967 3802 1072 3865 κπλεῖν
1093 3799 1140 3884 ἰᾷ.
