3000 4725
783 623 844 684 ίίί

740 707 892 720 *un—-

357 783 477 870 Μηδεὶς
495 786 613 870 γένοιτο
638 785 814 875 Μεγαρέων
837 792 1026 876 σοφώτερος.

357 867 465 955 Μηδὲν
490 871 558 955 μέγ’
580 871 679 956 εἴπης,
700 875 769 958 πρὶν
790 874 1007 958 τελευτήσαντ’
1030 873 1111 958 ίδης.

357 952 424 1018 Μία
448 957 581 1041 χελιδὼν
603 957 659 1020 οῦκ
683 955 739 1042 ἔαρ
764 957 841 1043 μόνη
863 963 956 1022 ποιεῖ.

357 1038 460 1108 Μίδας
480 1040 537 1124 ηάρ
561 1041 592 1102 ἐν
615 1040 750 1127 κύβοισιν
773 1043 997 1130 εύβολώτατος.

357 1124 461 1210 Μικρά
484 1125 519 1188 δὲ
537 1124 692 1209 πρόφασίς
712 1126 777 1190 ἐστι
797 1133 853 1191 τοῦ
871 1127 985 1211 πρᾶξαι
1005 1132 1118 1197 κακῶς.

357 1208 488 1293 Μικροῖς
510 1210 564 1293 μὲν
589 1209 771 1292 αύλίσκοισι,
795 1213 944 1324 φορρείας
967 1209 996 1283 δῖ
1018 1209 1101 1296 ἀτερ.

357 1292 476 1378 Μικρός
493 1316 529 1376 χε
550 1299 647 1377 μῆκος
670 1294 770 1371 οὗτος,
794 1297 855 1360 ἀλλ
893 1296 974 1365 ἀπας
994 1294 1097 1365 κακός

358 1376 465 1462 Μόνης
486 1378 537 1441 ἐπ’
563 1378 667 1461 αὐτῆς,
690 1381 826 1465 ἀγκύρας
849 1380 1032 1463 σαλεύομεν.

358 1460 555 1547 Μωμήσεταί
573 1486 617 1532 τις
635 1464 757 1539 θᾶττον,
778 1467 797 1549 ή
821 1466 996 1550 μιμήσεται.

358 1545 479 1631 Μῶμος
503 1549 537 1611 δὲ
558 1547 655 1612 πάνθ’
681 1550 762 1633 ὁρῶν
786 1551 897 1614 ἑαυτὸν
919 1548 980 1633 ούχ
1001 1551 1070 1634 όρᾷ.

358 1629 457 1715 Νέμει
478 1633 617 1700 πολίταις
639 1632 773 1717 μητέρας
791 1633 1002 1716 Πολυκράτης.
1148 1634 1151 1641 ’

354 1713 393 1781 ‘O
419 1718 552 1802 βάσανος
571 1717 670 1802 ήδους
690 1717 771 1781 ’ἐστὶν
795 1719 962 1802 ἀνθρώπου
981 1716 1102 1803 χρόνος.

353 1796 393 1864 ‘0
418 1801 560 1887 δεύτερος
579 1803 677 1871 πλοῦς
700 1802 764 1866 ἐστὶ
787 1804 888 1887 δήπου
911 1801 1087 1884 λεηύμενος,

402 1885 437 1948 ἀν
464 1887 604 1970 ἀποτύχη
627 1887 670 1955 τὶς
689 1888 873 1970 πνεύματος,
893 1888 1028 1949 κώπαισι
1048 1889 1146 1952 πλεῖν.

354 1969 393 2036 ‘O
417 1969 496 2039 Ζεύς
518 1973 640 2034 κατεῖδε
661 1971 788 2056 χρόνιος
810 1971 927 2040 εἰςτὰς
950 1969 1109 2055 διφθέρας.

259 2075 262 2084 “
355 2054 393 2122 Ὁ
418 2054 509 2137 λόχος
530 2057 546 2118 ό
566 2058 687 2138 τρώσας
707 2056 799 2125 αύτδς
820 2055 887 2120 ἔστ’
912 2057 1052 2137 ἰώμενος.

355 2138 393 2205 ‘O
419 2139 473 2221 μὲν
499 2139 678 2224 ἐξυφαίνεθ’
705 2141 796 2218 ἱστὸς,
818 2142 834 2204 ό
859 2141 893 2204 δὲ
913 2141 1059 2211 διάίεται.

356 2223 394 2289 Ὃ
415 2228 486 2291 νοῦς
504 2226 561 2308 ηάρ
586 2223 649 2286 ἐστι
670 2229 724 2307 τῆς
743 2224 899 2309 τραπέζης
920 2225 1061 2306 πλησίον.

356 2307 394 2374 Ὁ
417 2311 468 2370 νῦν
488 2309 542 2392 μὲν
564 2307 676 2385 οὐδεὶς,
702 2309 808 2395 αύριον
833 2311 864 2373 δ’
887 2307 1070 2393 ύπερμέηας.

356 2391 394 2458 ‘0
418 2393 520 2457 πολλά
542 2393 669 2477 κλέψας,
694 2396 783 2476 ὀλίγα
804 2394 877 2463 δοὺς
900 2394 1090 2478 ἐκφεύξεται.

356 2476 394 2542 Ὁ
418 2479 514 2561 σορὸς
535 2478 566 2541 ἐν
588 2480 672 2565 αύτῷ
690 2479 926 2565 περιφέρειτὴν
944 2477 1062 2542 οὐσίαν.

354 2559 394 2627 Ὁ
415 2561 508 2625 τόπον
530 2564 667 2649 ἀμείβων
692 2564 749 2628 οὐκ
768 2565 891 2649 ἀμείβει
909 2565 961 2627 τόν
982 2561 1106 2645 τρόπον.

355 2644 454 2712 (Οδοῦ
474 2648 635 2732 παρούσης
653 2650 788 2732 ἀτραπὸν
813 2652 913 2733 ζητεῖν
934 2649 1044 2715 δοκεῖς.

357 2731 499 2814 Ὀίῶμεν
522 2733 640 2816 ἀνδρῶν
662 2732 795 2804 αύτόδαΕ
816 2732 1025 2818 ὠργισμένων.

359 2817 399 2885 Οἱ
424 2816 478 2899 μὲν
501 2817 558 2901 ηάρ
580 2817 685 2881 οὐκέτ’
710 2819 802 2881 εἰσὶν·
828 2820 858 2881 οἱ
880 2817 909 2880 δ’
932 2816 1017 2884 ὄντες
1038 2815 1137 2878 κακοί.
1210 2878 1213 2881 ,

360 2902 399 2968 Of
422 2902 476 2984 μὲν
501 2900 579 2985 πάρ’
604 2901 696 2965 οὐδέν
721 2904 808 2979 εἰσιν,
830 2903 876 2972 οἷς
899 2900 930 2964 δ’
956 2900 1047 2963 οὐδὲν
1069 2898 1167 2984 μέλει.

361 2986 477 3069 Οῗαπερ
502 2987 522 3049 ά
545 2984 704 3067 δέσποινα,
724 2986 866 3050 τοῖάδ’ἀ
890 2985 983 3049 κύων.

360 3069 436 3136 Οἶδέ
460 3094 494 3133 τε
516 3069 639 3134 Πυλαία
661 3078 768 3151 ταῦτα,
791 3073 842 3135 καί
865 3068 1028 3152 Τεττιηίας.

361 3154 463 3223 Οἰκεῖς
487 3155 659 3233 θάλασσαν,
681 3155 815 3236 Γλαῦκε,
839 3159 892 3239 τής
913 3154 993 3222 πόας
1018 3156 1137 3238 φαγών.

270 3270 273 3275 ·
361 3237 449 3304 Οίκοι
469 3238 601 3315 λέοντες,
624 3240 655 3303 ἐν
679 3242 765 3326 μάχη
788 3241 818 3303 δ)
839 3241 1009 3306 ἀλώπεκες.

361 3322 449 3388 Οίκοι
471 3322 570 3406 μένειν
596 3326 646 3387 δεῖ
661 3327 713 3387 τὸν
734 3327 839 3395 καλῶς
860 3325 1042 3407 εὐδαίμονα.

361 3405 450 3472 Οἴκοι
472 3408 509 3470 τά
530 3407 695 3493 Μιλήσεια.
721 3412 763 3493 μή
782 3410 840 3493 γὰρ
862 3409 985 3472 ἐνθάδε.

362 3489 455 3557 Οἴνου
477 3493 573 3575 δὲμὴ
596 3494 748 3578 παρόντος
770 3494 827 3557 ούκ
848 3494 911 3556 ἐστὶ
931 3491 1058 3575 Κύπρις.

361 3575 455 3642 Οἴνου
477 3576 633 3647 κατιόντος
655 3578 852 3642 ἐπιπλέουσιν
874 3580 904 3640 οἱ
924 3578 1021 3659 λόχοι.

361 3659 444 3745 Οίνῳ
463 3663 513 3724 τὸν
535 3660 629 3739 οἶνον,
649 3665 804 3747 κραιπάλη
828 3664 882 3747 τὴν
902 3663 1084 3746 κραιπάλην.

363 3743 437 3814 Οἴος
458 3744 593 3809 δεδιέναι
613 3749 723 3825 πάντα,
742 3747 797 3832 κήν
819 3772 846 3809 τι
870 3752 927 3830 μῦς
949 3748 1049 3831 ψοφή.

363 3828 429 3916 Οίιρ
453 3855 491 3915 με
512 3831 630 3915 δαίμων
652 3830 755 3915 τέρατι
778 3830 1022 3915 συηκατείρξατο.
