3000 4725
611 651 761 748 —soo—

231 818 345 877 Rebere
366 826 470 878 mente
492 828 621 899 coptum,

230 903 390 963 Luscinioe
412 904 497 963 ilicet

229 988 438 1049 Lamentobile

229 1070 356 1132 Carmen
378 1072 538 1133 volitantis

229 1156 297 1216 Non
317 1158 374 1216 illc
397 1158 533 1218 occinet:

228 1243 282 1300 Ast
300 1242 469 1303 luctificum
489 1242 653 1319 integrabit

227 1325 365 1387 Lessum.
388 1336 512 1406 pectora
531 1326 643 1405 palmis

229 1413 307 1473 Atris
326 1421 424 1475 tonse
444 1413 610 1473 sonabunt:

228 1494 432 1575 Inccnamque
454 1515 563 1557 manus

228 1578 349 1641 (lomam
365 1582 556 1642 lacerabunt.

496 1667 526 1725 2.
549 1666 742 1747 Antistropba
764 1676 882 1735 XIIII.

228 1747 404 1813 Praestaret
424 1752 590 1811 extinctum

229 1833 326 1912 Hunc,
351 1857 444 1911 quom
467 1836 631 1909 efferarier‚

229 1918 286 1979 Ubi
307 1930 440 2001 paterno
463 1939 516 1980 en·

229 2006 350 2069 -tistuns
376 2007 515 2067 celebres
532 2006 668 2066 Achivos

230 2088 359 2168 Gener-e,
384 2101 415 2151 et
434 2091 547 2168 inclyto
569 2101 648 2165 ortu,

229 2172 357 2254 Cognita
378 2196 443 2237 non
461 2183 545 2235 tenet

231 2256 268 2319 Se
288 2263 373 2323 intre
395 2269 482 2338 septe
507 2260 572 2319 eni-

230 2347 292 2422 ·mi‚
315 2358 367 2412 ast
391 2347 494 2407 exulat
516 2355 611 2408 extra.

230 2429 341 2493 Infelix
361 2441 461 2512 poter,
545 2428 549 2436 ’

231 2513 299 2576 Heu
319 2519 426 2596 qnnlie
447 2525 478 2576 et
499 2515 605 2576 audies
626 2524 659 2574 tu

232 2599 402 2663 lnior-tuuis
416 2603 495 2661 noti:

232 2683 315 2758 Quae
333 2689 465 2748 antebac
483 2687 683 2747 Aeacidarum

233 2771 325 2834 Aetas
345 2795 406 2834 non
431 2772 543 2831 tulerat

233 2854 364 2931 Quidem
386 2858 461 2930 ullo,
480 2855 541 2916 nisi
559 2857 628 2916 isto.
699 2917 703 2924 ,

563 3023 662 3086 Actus
687 3021 822 3086 Tertius.
1115 3093 1116 3100 ἵ

233 3109 281 3168 Αἰ.
322 3114 436 3173 Omnia
456 3109 580 3170 reflexis
601 3108 770 3168 seculorum
794 3107 979 3167 anfractibus
1150 3105 1203 3160 bib

236 3193 366 3256 Occulta
387 3205 507 3276 tempus
531 3193 641 3274 aperit,
664 3202 695 3252 et
716 3202 822 3273 aperte
843 3193 962 3252 occulit.

235 3274 321 3340 Nihil
344 3291 393 3342 est
413 3301 508 3359 cupre
530 3297 626 3356 spem.
647 3286 781 3360 tempore
801 3279 890 3338 etiem
918 3285 1080 3337 contumax

235 3360 442 3443 Deprenditur
464 3383 562 3438 mens,
582 3365 690 3440 iusque
709 3365 868 3424 iurandum
888 3363 982 3424 lovis.

236 3445 302 3527 Ego
324 3452 477 3529 pervicaci
497 3457 610 3522 mente,
632 3449 827 3522 inexorabili,
1152 3441 1226 3505 ⁶50„

237 3532 347 3608 Qualis
367 3537 491 3615 rigescit
514 3536 589 3595 duro
608 3534 682 3592 ferri
703 3535 784 3594 ecies
808 3551 897 3610 aque,

239 3614 415 3682 Demulctus
436 3621 526 3680 huius
552 3638 700 3689 cresum.
722 3619 852 3678 inimicis
873 3637 939 3678 eum

238 3699 390 3783 Linquere
409 3708 566 3767 misertum
588 3704 787 3778 ostridam,
811 3711 841 3764 st
860 3703 966 3765 orbum
987 3702 1090 3762 filium.

239 3783 301 3848 Sed
323 3794 362 3851 od
383 3792 505 3851 lavacra
528 3800 559 3851 et
578 3797 668 3868 prete
685 3789 835 3850 litoralia'

240 3869 294 3950 Eo,
314 3886 348 3936 ut
369 3878 511 3956 expictus
531 3876 648 3936 februis
670 3875 848 3936 lustralibus
1154 3864 1207 3923 ⁶55
