3000 4725
638 632 791 727 Ε,
887 647 892 657 .

257 801 375 873 Rebus,
396 799 544 861 velivolas
569 764 739 861 observans
762 798 892 859 eandida
911 756 1043 877 1¹¹¹le

257 889 358 963 Atque
379 884 439 975 tuis
461 885 582 963 largire,
603 886 749 959 Favonio,
773 886 868 944 flabra
886 884 1043 947 ministris.

489 1056 639 1115 Portamni
659 1056 797 1130 suffimen,
818 1075 934 1115 manaa.
1129 1057 1169 1116 74

256 1140 318 1216 Qui
342 1141 450 1201 suxisti
473 1160 532 1200 una
553 1160 620 1199 cum
642 1140 757 1201 Brumo
777 1140 857 1199 lacte
879 1140 1043 1214 novellum,

257 1225 380 1300 Quique
399 1225 472 1285 eolis
491 1226 624 1301 liquidos
648 1234 679 1285 et
699 1233 823 1285 ovantes
843 1226 963 1285 turbine
984 1242 1116 1301 campos,

259 1310 288 1371 0
310 1310 477 1369 Portumne
500 1309 639 1370 lubenter
659 1312 697 1371 ad
719 1312 794 1369 haee
815 1317 846 1369 te
868 1310 931 1370 liba
951 1328 1110 1381 vocamus3

256 1396 372 1454 Fronte
394 1394 582 1454 renidentem
607 1403 637 1453 et
654 1395 764 1453 ridenti
781 1395 896 1453 lumine
918 1394 1001 1469 volti,

259 1478 497 1555 Servantemque
519 1486 588 1539 tuos
608 1486 747 1555 terraque
769 1480 904 1555 marique
927 1480 1094 1539 ministros.

258 1562 398 1641 Namque
420 1564 505 1641 vagis
524 1565 639 1623 ratibus
662 1565 717 1623 sub
740 1572 919 1641 tempestate
940 1584 1056 1624 sonora

258 1648 375 1724 Sospes
396 1648 482 1722 ades,
504 1656 534 1707 et
551 1658 581 1707 te
603 1649 718 1725 cupidis
741 1650 919 1709 mortalibus
940 1650 1033 1711 offers

256 1738 409 1793 Avertens
432 1752 539 1793 saevas
559 1735 621 1793 iras
646 1754 699 1811 per
721 1734 841 1794 caerula
860 1736 956 1811 ponti.

411 1902 554 1961 Diuorum
581 1902 770 1963 Camenarum
790 1905 931 1978 suffimen,
953 1913 1007 1961 tua.
1130 1903 1169 1961 75

257 1986 455 2046 Mammuriae
480 1996 570 2062 atque
589 1987 672 2046 Iovis
695 1988 822 2065 streperi
843 1994 992 2065 prognata
1003 2006 1178 2066 propagas,

257 2073 397 2133 Illustres
419 2072 616 2147 celebresque
637 2070 892 2147 Novensidesque
914 2070 1083 2131 Camenaez

258 2158 299 2216 Et
322 2156 448 2232 quoivis,
472 2176 678 2233 quemcunque
699 2158 811 2217 fovetis
833 2157 963 2216 amabile
986 2158 1109 2235 volgus,

258 2241 372 2300 Artitas
392 2260 499 2301 omnes
521 2243 647 2301 virtutes
671 2250 923 2320 progenerautes,

258 2325 399 2386 Nutrioes
420 2328 525 2401 enimi,
542 2327 674 2388 directae
693 2328 803 2389 mentis
824 2327 967 2401 amussis,

257 2416 357 2488 Atque
378 2413 541 2491 magistrae
566 2415 659 2472 animi
681 2414 870 2474 moderantes
891 2420 976 2472 reeta
995 2414 1139 2491 gubernas.

258 2498 406 2574 Quaeque
427 2498 522 2557 sacris
543 2498 681 2558 homines
700 2499 831 2559 imbutos
851 2499 1042 2558 instituistis:

256 2583 362 2654 Flora,
385 2579 539 2654 cloacina,
563 2591 594 2639 et
613 2583 725 2654 Vitule,
749 2590 780 2642 et
803 2582 955 2642 Casmenas
976 2584 1093 2661 virago,

258 2666 432 2742 Caeliaque,
452 2673 482 2725 et
494 2666 639 2741 Tripuda,
656 2675 685 2725 et
697 2665 870 2739 Carmenta,
884 2674 914 2725 et
928 2667 999 2724 diva
1008 2668 1169 2728 Venustus.

258 2752 385 2824 Osoiua,
409 2751 588 2824 flexanima,
605 2759 634 2810 et
656 2759 751 2810 mater
771 2751 957 2826 Maiestaquo
975 2751 1127 2829 princeps.

256 2839 340 2914 Ergo
361 2836 447 2894 Deae
470 2839 528 2896 huc
545 2853 608 2914 age
631 2835 826 2912 praestitibus
855 2843 974 2895 ventete
996 2836 1167 2918 faventes„

257 2922 425 2981 Vobiscum
445 2921 536 2982 deous
562 2922 756 2999 omnipotens
778 2930 809 2979 et
828 2921 968 2980 adoream
990 2928 1125 2998 agentes.

446 3096 541 3153 Divae
562 3094 756 3154 Mammura‘ae
773 3093 913 3168 suffimen,
937 3101 990 3150 tua.
1128 3092 1169 3151 76

257 3179 468 3238 Memmuriam
491 3178 579 3238 elicio
599 3178 683 3238 Iovis
705 3172 915 3253 omnipotenti’
935 3175 1085 3248 maritam,

259 3263 404 3340 Quaeque
424 3265 492 3340 pias
518 3272 565 3322 est
587 3263 860 3340 du[l]ciloquasque
884 3261 974 3320 enixa
997 3258 1158 3332 Camenas,

257 3349 421 3423 Pestifera,
441 3355 561 3407 versata
583 3349 714 3406 caducae
734 3348 846 3408 oblivia
865 3345 987 3417 mentis,

257 3433 445 3494 continuans
467 3441 583 3492 mentes
607 3433 773 3491 animarum
791 3433 915 3492 foedere
935 3449 1035 3501 sacro,

257 3519 394 3596 Reginae
417 3519 592 3596 omniparae
609 3518 736 3578 rationis
758 3518 867 3590 amica,
885 3517 991 3574 fovens
1012 3514 1085 3587 vim,

257 3603 404 3681 Pervigil,
427 3603 585 3680 irrequies,
608 3610 811 3661 memoranter
833 3608 941 3660 cuncta
960 3600 1147 3671 ministrans,

255 3686 396 3761 Quorum
417 3690 543 3765 quisque
565 3686 655 3748 simul
672 3687 705 3748 iu
727 3695 850 3765 pectore
871 3687 1004 3745 ruminat
1021 3690 1127 3757 artem,

257 3770 327 3832 Nee
344 3773 416 3848 quid
436 3774 624 3851 praeteriens
643 3773 791 3851 instigans
812 3770 930 3832 lumina
952 3769 1071 3831 mentis.

257 3851 460 3920 Praestitibds
479 3877 630 3921 memores
648 3867 769 3920 ¹montes
791 3860 831 3921 da
849 3857 902 3918 dia
918 3857 1043 3916 Moneta

908 3952 975 4013 26*
