3000 4725
764 646 767 652 ·
808 605 867 689 ιιι

381 797 525 879 δεύτερον
547 796 566 878 ῆ
586 791 696 878 Ῥώμη
723 796 770 858 σοὶ
793 796 831 859 ἰόν
852 794 951 860 Παιὰν
977 795 1137 865 ἀλαλάζει.

424 882 489 944 αἰὲν
514 880 653 962 ἀνίκητον
678 885 743 943 σεῖο
768 879 858 949 πόλις
880 881 914 943 σέ
938 880 1005 965 βοᾷ.

381 965 452 1032 ἄλλ’
478 964 527 1028 ἵνα
551 963 750 1050 χαρμοσύνης
771 965 892 1027 πίσυνοι
914 963 1119 1049 δραττόμεθα
1141 964 1255 1045 μᾶλλον,
1313 986 1314 1005 ι

423 1049 617 1133 Σαρματικῆς
638 1050 722 1133 νίκης
744 1047 873 1131 ἅγγελος
894 1049 988 1116 αὐτὸς
1009 1047 1086 1111 ίκον.

381 1226 411 1296 8,
425 1222 472 1281 ss.
492 1215 604 1301 Ῥῆνος
626 1221 691 1280 σεῖο
715 1217 806 1280 πόλει
829 1218 858 1278 σ’
873 1216 1022 1301 ἐπίδημον
1046 1217 1138 1280 ἐόντα
1158 1218 1264 1297 συνῆκε.

424 1309 478 1366 τοῦ
501 1306 579 1366 λαοῦ
602 1301 707 1386 φωνὰς
726 1303 778 1365 καὶ
799 1300 858 1387 γὰρ
879 1300 993 1366 ἄκουσε
1011 1306 1094 1364 τεοῦ.

384 1386 477 1451 ἔθνεα
500 1387 722 1470 Σαυροματῶν,
738 1384 869 1469 Ἴστροιο
890 1406 923 1448 τε
945 1385 1064 1471 ῥεῖθρα,
1089 1383 1186 1452 Γέτας
1206 1403 1235 1445 τε

424 1473 586 1555 πάνδημος
608 1474 720 1554 νεαρῆς
744 1470 839 1554 θροῦς
863 1470 992 1555 ἐτάραξε
1014 1473 1124 1556 χαρᾶς.
1314 1442 1315 1527 ί

387 1556 484 1642 μέσφ’
509 1556 590 1640 ἱερὸν
615 1554 741 1639 σέβεταί
766 1552 797 1617 o'
821 1554 1055 1638 ἐπισημασίαισι
1076 1553 1217 1637 θέατρον,

426 1642 521 1726 δίφρα
543 1640 660 1723 δράμον
684 1641 831 1724 τετράκις,
855 1641 987 1723 μηδενὸς
1010 1635 1210 1721 αἰσθομένου.
1314 1652 1315 1709 ς

384 1725 445 1810 ούχ
469 1727 568 1793 ούτως
588 1724 711 1807 ἐφύιησ’
736 1723 832 1787 ἄλλον
854 1724 984 1831 πρόμον,
1007 1722 1079 1786 σότε
1102 1744 1137 1784 σε
1155 1717 1262 1803 Ῥώμη.
1314 1750 1315 1787 ι

426 1809 497 1874 οὔτε
517 1808 612 1872 πλέον
633 1809 668 1872 σὲ
691 1810 803 1892 φιλεῖν,
825 1807 855 1870 κ’
877 1832 915 1891 ην
939 1808 1046 1891 ἐθέλη,
1072 1806 1207 1869 δύναται.
1314 1796 1315 1871 ί

383 1982 473 2054 8,15.
496 1976 590 2061 μέσφ’
614 1977 633 2059 ἡ
658 1975 829 2040 Παννονίου
854 1976 920 2059 νίκη
941 1974 1093 2058 πολέμοιο
1116 1975 1254 2059 θροεῖται,

426 2069 470 2148 τῷ
495 2059 545 2125 Διῒ
566 2061 617 2124 καὶ
639 2061 710 2124 θύει
730 2065 790 2128 πᾶς
814 2059 1066 2144 ἐπανερχομένῳ,

384 2150 445 2215 πᾶς
468 2145 636 2229 λιβανωτόν
660 2145 721 2213 ἕως
741 2144 859 2222 ἱππεύς,
879 2146 977 2232 βουλή
998 2167 1031 2206 τε
1054 2145 1173 2222 δίδωσι,

430 2233 536 2314 φυλῶν
555 2228 584 2291 τ’
607 2229 767 2292 Αύσονίων
789 2229 827 2292 τὰ
847 2229 932 2312 τρίτα
954 2230 1041 2312 δῶρα
1059 2229 1158 2306 πέλει,

368 2315 534 2464 ιρνρρεται
555 2315 574 2396 ῆ
596 2310 706 2398 Ῥώμη
728 2313 837 2377 τούτου
860 2314 1002 2399 κρυφίοιο
1024 2314 1189 2400 θριάμβου,

460 2399 528 2462 αιάν
553 2397 583 2461 τ’
601 2400 722 2483 εἰρήνης
746 2400 783 2461 ού
806 2397 912 2481 μικρός
932 2400 995 2460 ἐστι
1015 2404 1097 2481 τεῆς,

388 2489 442 2569 τῆς
466 2484 553 2566 ὁσίης
573 2483 619 2547 ότι
641 2489 700 2546 τῶν
724 2484 809 2546 ἰδίων
833 2483 863 2545 εί
882 2484 1006 2567 μάρτυς.
1020 2483 1171 2553 Ἀνακτος

344 2636 348 2645 ,
430 2570 493 2631 ἐστὶ
516 2571 625 2649 καλού,
649 2574 763 2651 γνῶναι
782 2568 853 2637 τοὺς
877 2566 1156 2649 ύποτασσομένους.

281 2782 285 2792 ‹
387 2742 474 2815 6‚80.
497 2736 650 2821 Αἴγυπτος
698 2736 833 2818 ιλότιμος
852 2735 1009 2798 ἀπέστειλ’
1032 2740 1075 2804 ὡς
1090 2737 1156 2814 νέα,
1167 2734 1279 2817 Καῖσαρ,

431 2825 518 2907 δῶρα
538 2761 738 2907 χαριζομένη,
763 2821 811 2882 σοὶ
834 2820 911 2905 ῥόδα
928 2823 1099 2905 χειμερινά.

387 2908 551 2993 Μεμφίτης
573 2906 711 2989 Φαρίοος
732 2905 844 2988 ναύτης
866 2905 1019 2990 ἐχλεύασε
1041 2908 1160 2989 κήπους

431 2993 523 3055 ούδόν
548 2990 743 3074 ἐπεμβαίνων
768 2988 918 3072 ὑμετέρης
938 2988 1056 3058 πόλιος.

387 3077 496 3140 τόσσον
521 3074 575 3160 ἄρ’
600 3078 676 3159 ήρδς
697 3074 832 3156 ἄγαλμα,
854 3073 929 3157 τόση
951 3075 1041 3158 χάρις
1062 3070 1145 3138 ἔπνε’
1169 3071 1278 3152 όδωδῆς,

430 3160 539 3224 τόσσον
564 3158 745 3223 Παιστανῶν
768 3158 806 3242 ῆν
830 3159 985 3242 ἀγλάϊσμα
1008 3158 1122 3223 πέδων.

390 3244 474 3329 ὅππη
500 3244 557 3327 γὰρ
582 3243 734 3327 μετένεχκ’
759 3243 779 3326 ἢ
802 3243 857 3326 μὲν
877 3241 987 3319 πόδας,
1007 3243 1046 3327 ῆέ
1069 3245 1120 3307 καὶ
1144 3244 1232 3329 ὄψεις,

432 3332 491 3396 πᾶς
512 3330 703 3412 στεφάνοισιν
726 3325 744 3389 ἔ
766 3332 901 3413 νχῶρος
922 3326 1101 3410 ἐρευθιόων.

389 3412 471 3477 ἀλλὰ
494 3411 530 3473 σὺ
576 3418 714 3497 ειμερινῆ
731 3350 859 3495 Ἰθώμης
879 3413 1047 3495 νικώμενος
1070 3414 1138 3496 ὥρη

431 3494 537 3574 Νεῖλε,
552 3435 705 3581 θερισμὸν
728 3497 779 3559 ἐδν
802 3496 866 3576 δός,
890 3494 967 3581 ῥόδα
987 3496 1019 3557 δ)
1042 3496 1195 3582 ἀντίλαβε.

393 3668 440 3740 13,
453 3666 521 3728 127.
544 3655 1277 3751 συὶστεφάνους,ὤΚαῖσαρώχειμὼνδῶκεπρννλ·

434 3746 538 3835 εἴαρος
559 3748 596 3832 ῆν
620 3751 653 3812 τδ
673 3748 775 3833 ῥόδον,
796 3754 848 3814 νύν
874 3751 909 3812 δέ
925 3753 993 3814 τεδν
1015 3751 1132 3834 γέγονε.
1202 3750 1276 3831 [ρους.
