3000 4725
745 616 898 712 „ffl-

295 785 349 839 800
366 785 441 843 ch.
489 784 583 843 Perii.
606 786 677 861 quis
695 785 742 842 illi
763 786 839 843 hoec
857 786 971 843 indicet
988 783 1180 842 mortalium?

365 870 465 928 Nunc.
488 870 638 929 Thestore
657 878 776 929 creatus
798 880 867 929 rate
890 878 987 941 vates,
1011 870 1070 929 hoc
1091 870 1150 942 die,

366 956 436 1031 Quo
457 964 541 1013 certa
564 954 613 1012 vel
634 955 663 1013 ei
682 957 756 1028 vito,
779 957 828 1015 vel
849 974 930 1014 mors
951 955 1077 1031 expetit.

365 1040 437 1098 Tec.
486 1040 557 1099 Heu
578 1058 693 1112 cesum,
714 1043 815 1114 amici,
833 1041 1010 1117 praevenite
1029 1041 1212 1116 praecipem.

364 1125 515 1198 Parcite,
536 1126 686 1184 Teucrum
707 1134 872 1185 convocate
895 1128 953 1183 huc
973 1143 1077 1200 ocyus.

295 1210 347 1266 805
364 1211 443 1269 Pers
465 1210 653 1282 Occidentis,
675 1230 749 1287 pars
772 1220 803 1269 et
822 1212 958 1271 Orientis
979 1210 1100 1287 plegem

363 1296 519 1367 Lustrum,
539 1316 600 1370 quo
623 1314 795 1370 uscunque
814 1296 965 1372 proripuit
985 1296 1074 1353 mule.

364 1382 430 1439 Iam
453 1381 553 1439 sentio
575 1380 647 1438 olim
667 1400 716 1439 me
735 1400 755 1437 a
774 1382 841 1440 viro
862 1381 998 1439 delinier.

363 1466 488 1543 Ingrato
507 1467 569 1523 ium
591 1474 672 1538 sunt,
692 1485 772 1543 quoe
793 1466 924 1543 benigne
945 1465 1083 1523 fecimus.

364 1551 446 1623 Heu,
464 1559 567 1629 gnate,
588 1549 660 1624 quid
682 1552 793 1629 egem?
814 1571 877 1609 non
899 1551 980 1608 enim
999 1568 1101 1606 morse
1121 1548 1218 1606 locus.

296 1637 349 1691 810
366 1634 490 1695 Certum
512 1644 561 1693 est
581 1644 612 1693 et
631 1637 677 1693 ire
698 1656 759 1711 qua
777 1644 862 1712 pote,
890 1646 920 1692 et
941 1641 1086 1709 quantum
1111 1642 1195 1710 pote.

362 1722 489 1792 Eamus,
513 1720 722 1798 occingumur:¹
750 1721 831 1778 houd
853 1728 974 1779 cessato
995 1738 1086 1795 opus,

364 1804 495 1866 Servare
518 1805 658 1865 volumus
682 1807 711 1865 si
730 1806 827 1863 virum
850 1813 963 1863 certum
985 1805 1069 1863 mori.

363 1890 419 1951 Ch.
463 1890 594 1949 Paratus
615 1892 661 1949 ire
682 1910 739 1948 nec
763 1890 883 1966 quidem
903 1898 1019 1947 tantum
1041 1907 1194 1961 cresum,

364 1975 425 2036 Sed
447 1976 549 2052 operis
572 1976 680 2048 oderit,
698 1984 730 2033 et
749 1976 859 2051 pedum
881 1975 1082 2051 properantia.

690 2144 790 2207 Actus
811 2146 954 2211 Quartus.

294 2240 347 2293 815
363 2230 412 2289 Δί.
458 2227 525 2287 Stet
548 2228 644 2285 culter
664 2230 719 2287 illa
739 2239 838 2307 perte,
862 2250 940 2306 quae
964 2230 1004 2288 sit
1023 2246 1164 2286 maxume

364 2316 473 2384 Acuta,
495 2314 521 2372 si
545 2313 592 2372 cui
614 2316 783 2391 experirier
804 2324 901 2374 vucut.

363 2400 474 2457 Munus
497 2398 619 2472 quidem
635 2400 687 2457 ille
710 2401 784 2460 olim
807 2401 949 2460 Hectoris
969 2399 1067 2456 virum
1090 2397 1220 2456 omnium

363 2484 403 2542 Et
423 2482 556 2540 omnium
582 2483 657 2541 mihi
677 2486 833 2562 hospitum
855 2482 1054 2544 invisissumi.

363 2567 400 2626 In
421 2567 543 2626 Troade
566 2575 665 2626 autem
687 2579 795 2646 pactus
819 2580 866 2630 est
889 2580 971 2627 terra
990 2567 1124 2628 hostica:

295 2667 347 2721 sto
365 2652 422 2713 Cui
443 2655 522 2712 bene
543 2662 668 2712 cruente
690 2664 758 2714 cote
777 2675 903 2714 acumen
924 2654 1074 2712 redditum
1096 2658 1159 2709 est:

363 2739 434 2797 Fixi
451 2739 530 2796 bene
548 2738 646 2811 illum,
665 2749 696 2798 et
715 2742 863 2818 apparari
883 2739 998 2798 sedulo.

364 2824 422 2881 Vel
443 2833 477 2881 ut
497 2825 664 2900 properiter
683 2846 743 2884 non
764 2827 838 2884 mihi
857 2826 992 2883 invideat
1014 2821 1104 2894 mori,

362 2908 495 2968 Proviso
517 2910 604 2967 nobis
626 2910 687 2968 ista
709 2913 833 2969 suntin
853 2909 999 2968 coeteris:

364 2994 413 3052 Tu
435 2994 562 3070 primus,
585 3002 616 3051 et
636 2996 696 3068 fas,
720 2997 827 3054 adiuva
850 3015 909 3067 me,
932 2993 1075 3069 Iuppiter.

294 3087 346 3141 885
363 3078 424 3137 Fuc
445 3079 649 3154 impetrassim
669 3098 779 3140 munus
804 3082 863 3139 hoc
885 3099 904 3136 u
926 3088 956 3137 te
979 3079 1079 3137 breve.

362 3163 485 3222 Existut
505 3164 615 3239 uliquis
636 3167 783 3225 nuncius:
808 3165 951 3241 quicquid
972 3161 1045 3220 meli
1067 3169 1115 3221 est

363 3247 482 3305 Teucro
500 3248 674 3323 eloquaturr
695 3259 828 3322 moneat,
849 3259 882 3308 ut
903 3269 951 3306 me
971 3247 1083 3306 isthinc
1103 3247 1195 3302 humo

364 3330 463 3408 Super
481 3342 603 3392 cruento
623 3337 682 3394 hoc
704 3355 779 3395 ense
801 3335 979 3412 prociduum
1000 3330 1115 3390 efferat.

362 3415 411 3475 Ne
436 3418 644 3493 deprehensus
668 3421 716 3478 hic
738 3423 776 3479 ab
799 3421 930 3478 inimicis
955 3417 1038 3493 prius

292 3514 345 3569 880
361 3501 518 3574 Proiiciur‚
542 3511 573 3560 et
592 3506 709 3582 praeda
731 3507 839 3564 avibus
861 3515 892 3562 et
915 3504 1040 3562 cunibus
1065 3500 1157 3557 fuum.

362 3587 449 3644 Haeo
472 3595 588 3661 sancte,
613 3609 764 3650 venerans
788 3599 817 3648 te
837 3610 922 3668 rogo:
946 3597 1036 3664 atque
1049 3585 1130 3642 idem
1145 3584 1260 3648 obsecre,

362 3672 507 3749 Deponut
527 3681 560 3729 ut
578 3675 680 3748 quiete
700 3695 749 3733 me
771 3675 999 3751 placidissums‚

360 3756 530 3834 Postquam
554 3775 628 3817 ense
647 3761 779 3836 primum
799 3762 855 3818 hoc
873 3754 1113 3834 transadegerim
1135 3752 1218 3823 latus,

361 3842 464 3901 Primo
486 3843 597 3919 pedatu
619 3844 728 3903 dextra
750 3845 892 3903 Mercurii
911 3843 1011 3902 inferi¹

519 4035 534 4064 '
599 4045 605 4058 ο
