3000 4725
756 602 828 665 ‘sot

217 770 222 779 '
278 770 508 829 lilOLersmen
531 788 611 843 ecre,
631 790 698 829 cum
721 773 868 833 tumultus
889 773 1026 836 hosticus

352 854 493 913 vastabit
514 874 586 913 arva
608 864 639 913 et
660 855 773 915 Teucri
793 857 930 917 donaria.
1028 904 1032 909 .

354 936 415 999 Sed
438 947 468 997 et
487 940 601 999 sufetes
622 940 751 1001 victimis
774 942 893 1001 Ecteuii

354 1023 453 1082 Tuam
476 1024 620 1083 favebunt
640 1032 673 1083 ut
693 1027 818 1087 deorum
841 1027 995 1085 adoream.
1068 1028 1259 1104 [terebrati]

353 1108 395 1167 Et
413 1107 565 1169 Gnossum
585 1109 681 1167 adibit
701 1120 791 1185 atque
811 1109 955 1187 Gortynis
976 1111 1082 1170 domos

278 1191 345 1247 1⁹15
354 1192 441 1251 Meae
463 1194 569 1253 ruinae
590 1193 700 1268 luctus,
726 1204 757 1253 et
778 1196 931 1256 caduciter

352 1277 472 1337 Ducum
494 1279 639 1338 lababunt
659 1287 747 1339 tecta.
770 1300 829 1339 non
850 1282 929 1339 enim
949 1280 1097 1339 innocens

353 1363 499 1421 Lembum
522 1364 668 1422 biremem
688 1373 782 1423 nauta
803 1367 938 1441 piscator
956 1366 1042 1441 regit,

327 1496 331 1505 ,
353 1447 487 1507 Leucum
509 1457 697 1522 sequestrem
716 1450 820 1527 regiae
840 1450 966 1509 ductans
988 1449 1069 1522 dolo,

355 1532 528 1610 Odiumque
551 1534 650 1593 caecis
673 1534 834 1610 implicans
856 1534 1037 1593 mendaciis:

277 1616 424 1677 1⁹20Nec
442 1618 495 1677 ille
517 1627 620 1693 parcet
639 1619 757 1692 liberis,
780 1639 837 1679 nec
857 1618 979 1696 coniugi

353 1702 471 1776 Medae,
494 1703 607 1761 furoris
632 1706 777 1763 aestubus
801 1714 932 1762 mentem
954 1704 1051 1776 avius,

353 1786 426 1846 Nou
446 1786 634 1847 Clesitherae
653 1790 747 1861 filiae,
770 1790 854 1849 cuius
872 1797 960 1864 pater

351 1870 485 1931 Draconi
507 1873 628 1933 alumno
655 1882 761 1950 sponte
780 1874 899 1950 nuptias
922 1873 1018 1931 debit:

352 1957 528 2032 Omnesque
551 1959 643 2016 cruda
663 1959 750 2017 cedet
775 1959 806 2017 iu
827 1959 922 2018 sacris
946 1978 1035 2017 manu
1136 1980 1141 1989 ·

277 2043 344 2096 1225
353 2040 473 2101 Cereris
495 2043 630 2115 favissia
655 2044 776 2103 saucios
797 2043 966 2102 crudeliter.

351 2126 516 2203 Decusque
537 2128 648 2186 avitum
671 2129 788 2187 illustre
808 2127 944 2206 progeuii
964 2146 1048 2186 meae

351 2214 469 2269 Aevum
491 2221 615 2287 nepotes
637 2214 765 2271 efferent
783 2214 814 2271 in
837 2221 1003 2288 posterum,

353 2293 502 2354 Coronam
525 2296 626 2374 adepti
647 2298 770 2375 praeliis
793 2297 1002 2375 perduellium,

352 2380 466 2439 Terrae
487 2381 643 2458 marisquev
659 2385 707 2442 ius
729 2393 868 2444 tenentes
889 2384 1052 2460 principes:

277 2471 343 2524 1⁹30
352 2465 418 2543 Nec
443 2467 596 2525 mentione
619 2477 756 2544 postuma
780 2488 892 2528 nomeu
914 2487 1019 2527 carens

353 2549 475 2610 Celebis
496 2551 566 2612 altis
585 2553 616 2610 in
639 2555 785 2626 tenebris,
808 2553 913 2630 patria,

353 2635 445 2696 Tales
466 2637 616 2710 relinquet
635 2639 834 2698 consobrinus
853 2638 992 2713 duplices

353 2722 440 2781 Meus
462 2721 582 2794 leones,
604 2723 769 2782 maximum
790 2722 908 2782 Romae
932 2741 1040 2800 genus,

353 2805 471 2866 Gnatus
495 2816 641 2866 venustae
662 2808 879 2879 Verticordiae,
901 2807 1006 2866 cluens

276 2890 475 2964 mittentis,
498 2909 554 2950 uec
576 2893 638 2951 acri
659 2893 859 2967 poenitendus
880 2892 1001 2967 praelio.

350 2975 524 3034 Rhoecelou
544 2978 647 3035 urbem
669 2979 720 3052 qui
741 2978 826 3054 prius
853 2985 980 3035 ventans
1003 2978 1083 3036 colet

352 3059 434 3120 Cissi
453 3061 491 3118 ad
512 3080 682 3137 supremum
707 3063 836 3135 culmen,
859 3071 889 3119 et
909 3063 1093 3139 Laphystias

351 3142 451 3203 Cornu
468 3145 602 3223 rigentes
625 3147 774 3206 feminas:
797 3147 959 3222 Hulmopia

350 3229 483 3289 Rursum
506 3239 667 3291 exeuntem
688 3252 776 3307 quem
803 3239 905 3290 manet
927 3231 1085 3303 Terrenis,

275 3316 342 3370 1240
351 3314 488 3390 Tepente
509 3317 650 3392 Lynceus
671 3327 700 3374 et
714 3317 891 3375 redundans
913 3313 1042 3394 agmine.

349 3400 389 3458 Et
409 3399 494 3473 Pisa,
516 3420 667 3476 pecorosa
688 3410 778 3477 atque
798 3401 925 3479 Agyllea
950 3419 1075 3476 pascue:

349 3485 491 3543 Miscebit
510 3486 605 3546 hostis
628 3506 758 3563 quocum
780 3488 908 3547 amicum
929 3485 1105 3556 exercitum,

349 3568 486 3648 Adigens
506 3581 695 3630 sacramento
718 3581 808 3646 atque
830 3570 986 3647 suppliciis
1010 3589 1146 3646 precum,

349 3656 428 3713 ldrro
449 3655 579 3715 latentes
600 3657 732 3732 pumilus
754 3675 883 3732 ruspans
903 3655 969 3714 vias

275 3737 341 3791 12⁴5
351 3740 467 3798 Terrae
489 3742 655 3816 marisque:
679 3750 740 3802 tom
761 3741 852 3800 simul
872 3740 935 3799 neti
956 3740 1015 3800 duo

350 3826 457 3903 Mysos
479 3826 613 3905 regentis
636 3827 735 3902 (cuius
757 3827 866 3884 avertit
886 3827 961 3884 deus
