3000 4725
573 608 578 627 ¹
688 594 840 689 „2⁵⁰-

307 764 343 821 ln
365 763 459 821 risum
482 780 587 821 eorum
606 762 761 821 transtulit
778 763 936 836 coloniam,

308 846 368 921 Qui
389 846 537 924 praelium
560 867 678 907 movere
701 846 833 908 Saturno
857 849 943 907 satis.

307 930 376 991 Baii
395 932 532 1009 magistri
553 934 714 1011 postmodo
733 934 864 1005 bustum,
886 952 975 993 casas

237 1014 290 1068 695
307 1016 383 1075 Post
404 1018 581 1093 praeteribit
602 1016 792 1089 Cimmerum,
814 1027 844 1076 et
855 1018 1034 1077 Plutonium

306 1105 414 1177 Aquae
437 1101 579 1177 procellis
602 1103 795 1160 fluctuantem
817 1103 977 1180 gurgitem,

308 1187 423 1259 Ossan,
448 1188 596 1263 boumque
618 1185 728 1245 Viriati
749 1189 874 1247 semitas

308 1270 437 1345 Stratas,
459 1290 627 1349 nemusque
646 1271 777 1331 Liberae
800 1291 897 1349 pusae
919 1272 1048 1346 inferas,

308 1354 508 1432 (laudansque
529 1358 687 1435 flam[m]is
708 1358 830 1429 flumen,
850 1367 941 1432 atque
960 1360 1011 1417 uhi
1031 1359 1148 1417 aetheri

239 1442 290 1497 700
308 1440 403 1500 Tollit
428 1458 570 1501 cacumen
590 1444 693 1519 ampla
714 1459 865 1519 proca-pes
890 1442 964 1520 iugi,

306 1526 354 1584 Ex
376 1545 434 1602 quo
457 1527 571 1585 fluenta
593 1537 711 1599 cuncta,
734 1528 835 1585 cuncti
856 1527 991 1586 funditus

306 1610 421 1669 Fontes
445 1630 588 1686 perarua
610 1611 798 1689 dissipantur
817 1612 909 1670 Itala:

305 1696 525 1773 Linquensque
546 1698 734 1755 Lethaeonis
756 1696 819 1769 alta
840 1696 983 1768 culmina,

307 1780 482 1856 Locumque
505 1784 667 1855 Avernum,
693 1800 783 1857 quem
803 1782 888 1840 labro
911 1783 1007 1840 ambit
1027 1782 1145 1854 circite,

239 1869 289 1923 705
307 1864 347 1923 Et
366 1866 476 1924 flumen
498 1875 564 1924 atra
586 1876 672 1925 nocte
692 1866 797 1942 Cocyti
820 1868 970 1925 obrutum.

308 1948 411 2027 Stygis
430 1952 579 2029 nigrantis
602 1952 760 2029 gurgitem,
783 1970 843 2026 qua
864 1950 1026 2016 Terminus

307 2035 440 2093 Iurando
463 2038 564 2111 posuit
582 2037 648 2095 iura
671 2038 820 2111 supremis
841 2036 920 2109 deis,

307 2120 357 2177 Ire
377 2120 408 2178 in
432 2119 579 2198 Gigantes
603 2130 692 2196 atque
715 2120 845 2179 Titanos
868 2139 995 2197 parans:

306 2204 454 2263 Libamen
479 2206 672 2282 haustrisque
694 2206 796 2265 aureis
817 2206 938 2264 antlans
962 2222 1069 2279 aquas,

240 2298 292 2353 710
310 2290 410 2349 Orcae
430 2290 543 2349 dicabit
563 2298 593 2347 et
612 2292 676 2349 viro
697 2291 863 2364 donarium,

309 2374 404 2435 Silam
427 2376 586 2434 columnae
609 2377 713 2435 vertici
735 2377 924 2454 appendens¹
937 2392 1037 2433 suam:

308 2460 348 2518 Et
367 2469 430 2520 tres
451 2461 572 2520 necabit
592 2462 648 2520 filii
670 2459 811 2522 Salaciae

308 2545 424 2621 Pupas,
448 2565 592 2604 camenae
613 2547 718 2606 matris
739 2545 897 2604 aemulans
921 2544 997 2616 soni,

309 2631 394 2689 lactu
412 2631 554 2690 insolenti
575 2633 735 2708 praecipes
760 2651 777 2689 e
800 2631 931 2690 culmine

240 2723 291 2777 715
308 2716 416 2775 Pinnis
439 2717 569 2775 caducas
593 2735 708 2792 aequor
730 2717 763 2774 in
785 2714 1014 2794 Tyrrhenicum,

308 2798 493 2876 Quacumque
515 2801 609 2860 amari
631 2802 697 2860 iura
717 2801 856 2862 staminis
881 2801 1010 2857 trahent.
1040 2824 1044 2832 ·

307 2887 407 2946 Unam
429 2886 555 2945 Phaleri
572 2887 663 2946 turris
687 2887 813 2945 eiectam
832 2887 917 2944 foras

308 2969 479 3047 Glanisque
499 2973 609 3048 capiet,
632 2972 754 3030 flumine
773 2971 905 3029 irrorans
929 2969 1068 3026 humum:

309 3056 378 3132 Qua
398 3075 494 3132 pusae
516 3074 649 3116 acerram
671 3063 878 3115 construentes
899 3053 1030 3125 incolae,

241 3149 293 3202 700
310 3140 497 3200 Vitulatuum
519 3149 672 3217 strepente
694 3142 909 3216 Parthenopen
934 3157 1012 3198 sono

308 3224 456 3286 Solenuia
480 3227 567 3284 deam
588 3227 760 3285 iubilabunt
782 3226 895 3283 alitem.

308 3313 350 3370 At
369 3311 453 3370 littus
474 3320 583 3370 extans
605 3313 637 3368 in
659 3311 798 3370 Veniliae
821 3311 896 3368 deae

310 3395 351 3456 Se
373 3413 525 3469 corruens,
548 3397 759 3474 cognominem
777 3395 930 3455 Leucosia

308 3481 431 3540 Petram
451 3481 575 3554 tenebit,
598 3501 657 3556 qua
677 3483 774 3540 fluens
796 3481 828 3540 Is
852 3490 881 3538 et
900 3481 985 3538 ferox
1030 3513 1032 3517 ·

241 3574 292 3628 775
308 3566 438 3626 Fluenta
457 3567 563 3643 pingui
583 3567 672 3624 Laris
695 3574 811 3625 eructat
832 3566 904 3627 solo.

310 3652 407 3729 Ligea
430 3658 535 3729 agetur
556 3651 588 3708 iu
611 3651 761 3710 Terenam
781 3653 949 3722 fluctuans,

311 3735 440 3796 Sulcans
460 3735 612 3814 procellae
634 3753 780 3794 murmur:
802 3737 886 3794 illam
907 3736 1026 3795 navitae

310 3822 463 3898 Linquent
486 3820 635 3898 sepultam
656 3821 787 3881 littorali
806 3821 931 3898 cespite,
