3000 4725
785 578 845 640 196

738 663 889 674 -n—-u

358 745 406 820 11,
417 745 488 806 179.
501 741 580 823 εἰπὲ,
589 743 666 828 κόρη
678 747 926 827 γοργῶπι,κυνῆν
936 742 1099 828 φορέουσα
1107 745 1159 808 καλ
1167 743 1264 832 ἔγχος,

398 832 464 896 πῶς
486 827 523 892 οὐ
549 829 709 913 βαστάζεις
730 829 849 911 αἰηίδα;
873 826 996 913 Καῖσαρ
1021 827 1097 913 ἔχει.

356 997 485 1072 14,170.
507 993 561 1079 ἥδ’
575 995 660 1082 αὐτῷ
672 998 789 1081 κλήρου
807 995 879 1080 ἄτερ
893 994 980 1080 ἦλθ’,
994 989 1142 1081 ιβῬῆνος
1156 996 1265 1082 ἀληθὲς

398 1079 505 1164 οὔνομ’
529 1079 592 1143 ἔδω
616 1081 746 1151 δεκάκις.
771 1086 865 1164 κῶρε,
887 1103 940 1164 μοι
963 1079 1110 1165 οἰνοχόει.

357 1251 441 1326 13,1.
462 1246 517 1333 όψ)
542 1249 591 1311 ἵνα
610 1249 768 1332 κοιρανέοι
790 1247 980 1331 Γερμανικὸς
999 1248 1030 1310 ἐν
1051 1248 1126 1316 Διὸς
1149 1248 1241 1332 αὐλῇ,

398 1333 510 1417 δηθοίκι
532 1332 560 1396 δ’
579 1333 611 1395 ἐν
630 1334 715 1416 γαίη,
737 1337 783 1419 τηῖ
802 1332 851 1396 Διῒ
873 1334 926 1401 δὸς
948 1333 1083 1417 λίβανον.

304 1467 307 1472 Δ
356 1506 442 1579 12,6.
464 1499 607 1585 Νερουᾶν
630 1502 804 1594 πρηότατον
821 1501 985 1648 Ιβασιλήων
1009 1502 1142 1571 Αὔσονὶς
1163 1502 1240 1584 αὐλὴ

398 1585 511 1656 δέξατ’.
533 1585 720 1671 ἐπαόροιμεν
743 1584 820 1648 νῦν(
852 1587 982 1654 λικῶνος
1001 1587 1088 1649 όλυυ.

352 1670 416 1756 ἥθη
440 1670 593 1747 ἅπλαστα,
617 1669 763 1756 φρόνημα
785 1670 946 1754 προσηνὲς,
969 1670 1167 1754 ἀπρόσκοπος
1188 1670 1260 1755 ἀρχὴ

398 1753 487 1824 αὖθις
506 1754 618 1817 ἵκοντο.
642 1754 740 1840 φόβος
761 1757 821 1823 πᾶς
845 1755 964 1838 φυγάδε
987 1754 1150 1837 τρέπεται..

353 1839 444 1908 ἔθνος
467 1839 559 1914 ἅπαν,
577 1836 701 1922 Ῥώμη,
723 1840 792 1902 τεδν
815 1838 950 1922 εὔχεται,
973 1840 1038 1902 αἰὲν
1063 1838 1193 1908 ἄνακτος

397 1922 537 1986 τοιούτου
565 1924 600 1986 σὲ
622 1927 736 2008 τυχεῖν,
757 1926 812 1986 τοῦ
837 1923 872 1986 δὲ
893 1924 1112 2008 πολυχρονίου.

354 2009 469 2094 όλβιος,
490 2007 528 2090 ῆς
547 2013 662 2154 παῦροι
685 2007 792 2093 τόχον,
815 2008 904 2086 ἕΕιος,
927 2006 1032 2092 ὄλβιος
1056 2008 1156 2091 ἠθῶν,

397 2093 450 2155 οἷα
471 2089 580 2173 Νομᾶς
624 2116 638 2154 ν
661 2090 743 2176 ἔχειν
764 2091 890 2175 ἤθελεν,
911 2091 962 2154 οἶα
984 2089 1106 2154 Κάτων.
1200 2100 1202 2111 “

353 2175 534 2260 δωρεῖσθαι,
554 2175 700 2258 προέμεν,
720 2177 892 2247 πλουτίζειν
916 2174 1015 2260 ἄνδρα
1038 2175 1167 2259 πένητα,

396 2261 447 2323 καὶ
470 2259 564 2340 δόμεν
587 2259 633 2322 οἷ’
655 2259 742 2323 αὐτοὶ
765 2261 807 2343 μὴ
829 2260 1007 2345 χαρίσαιντο
1029 2260 1109 2336 θεολ,

353 2348 405 2409 νόν
431 2342 478 2429 εἴη
501 2343 637 2427 θεμιτόν.
662 2343 697 2407 σθ
720 2343 753 2407 δ’
775 2344 825 2407 ἐπὶ
844 2347 901 2408 σκλ
925 2348 980 2429 ροῦ
1006 2346 1165 2431 βασιλῆος,

396 2428 557 2514 ἀργαλέων
581 2452 614 2491 τε
634 2429 769 2514 χρόνων,
789 2433 879 2512 ζῆσαι
903 2452 1062 2513 αμεμπτος
1082 2428 1180 2513 ἔτλης.

354 2601 404 2673 11,
412 2602 441 2661 5.
462 2596 572 2660 τόσσον
588 2597 646 2673 σοὶ,
657 2593 792 2681 Καῖσαρ,
800 2597 929 2679 θέμιδος
943 2596 1038 2681 σέβας
1053 2597 1115 2660 ἐστὶ
1130 2598 1210 2679 δίκης
1219 2614 1255 2668 τε,
1299 2659 1300 2680 ρ

394 2682 500 2765 ἡλίκον
526 2678 596 2765 ἔσχ’
622 2684 637 2745 ό
660 2678 779 2764 Νομᾶς.
803 2682 874 2745 ἀλλ’
898 2683 914 2745 ό
938 2679 1045 2764 Νομᾶς
1064 2682 1182 2745 πένετο.

351 2765 435 2851 ἤθεα
457 2766 498 2849 μὴ
518 2766 643 2849 πλοότιρ
661 2764 830 2849 προδόμεν,
850 2764 929 2849 μέγα
947 2765 1065 2849 θαῦμα,
1086 2767 1137 2829 καὶ
1157 2765 1228 2827 εἶναι

395 2850 563 2915 τοσσατίων
586 2847 728 2932 Κροίσων
751 2850 900 2933 κρείττον’
922 2850 1023 2926 ἐόντα,
1043 2848 1161 2933 Νομᾶν.

353 2938 381 3001 εἰ
403 2940 515 3021 φωτῶν
536 2935 668 2997 νίσσοιτο
689 2935 862 2997 παλίσσυτα
886 2937 970 3017 φῦλα
988 2936 1141 3011 παλαιῶν,

396 3020 477 3102 ἐξείη
500 3042 533 3081 τε
552 3022 660 3081 κενοῦν
683 3021 742 3081 πᾶν
767 3018 861 3081 πέδον
882 3018 1039 3097 Ἠλύσιον,
1166 3063 1172 3071 ·

354 3105 477 3188 αἱρήσει
498 3126 533 3165 σε
554 3100 715 3208 Κοίμρλλος
738 3102 919 3209 ἐλευθερίης
942 3104 1019 3185 ὑπὲρ
1030 3102 1153 3205 υαὐτῆς..

354 3188 510 3355 ..ίίὲζῗί
527 3186 1118 3354 όρῖθίίζοζρῗξλλῗῖδὲἔίὲ..ἐρίοιοε.

395 3360 488 3439 κῦρος
511 3353 595 3438 ἄφαρ
619 3354 740 3422 Σύλλας
761 3360 820 3419 πᾶν
843 3356 1081 3437 ἀποειποίμενος.

354 3444 410 3502 σοῦ
432 3440 577 3511 ίδιοίζοντι
599 3439 651 3502 σὺν
675 3436 811 3524 Καίσαρι
832 3438 958 3522 Μάγνος
982 3438 1076 3525 ἐρῴη.

398 3523 446 3585 σοὶ
469 3522 538 3607 δοίη
561 3520 707 3605 Κράσσος
726 3526 859 3588 πλοῦτον
880 3525 1000 3588 ἅπαντα
1022 3523 1137 3606 προείς.

353 3608 382 3671 εἰ
406 3607 441 3669 δὲ
461 3608 513 3669 καὶ
535 3606 716 3689 ἀγκαλέοιτο
736 3609 788 3671 καὶ
806 3609 837 3679 ἐξ
859 3609 967 3674 Ἀίδαο
990 3607 1090 3671 νέοιτο

397 3688 470 3755 αὖθι
493 3688 616 3769 Κοίτων,
639 3689 725 3755 ἔσται
748 3694 799 3757 καὶ
822 3693 877 3757 όδε
899 3690 1083 3777 Καισάρεος.
