3000 4725
673 660 713 719 ³3

276 830 315 887 ut
336 846 450 907 vacuae
470 848 489 886 a
511 829 597 888 nobis
622 830 709 908 exige
732 830 841 889 mentis
865 850 953 907 opus.

239 917 283 973 Me
304 916 390 973 iuvat
409 932 538 973 exorare
560 914 672 973 malum
698 916 772 974 boot
793 917 902 989 quibus
922 917 976 974 illa
996 917 1110 993 pianda

277 998 429 1058 Auxiliis:
452 1016 509 1073 quo
532 998 573 1056 sit
593 1008 659 1057 ture
679 999 796 1057 litanda
817 1000 891 1060 mibi

239 1083 485 1159 (Formidandum
508 1084 607 1160 aegris
633 1092 722 1159 atque
740 1084 933 1161 implacabile
955 1089 1080 1164 numen)

277 1170 348 1229 Uno
370 1170 467 1226 tribus
488 1168 588 1227 Furiis
611 1169 713 1227 addita
735 1176 843 1245 quarta
863 1189 962 1229 soror.

237 1253 311 1314 Post
327 1246 482 1313 ¹subducto
501 1253 574 1329 polo
599 1253 744 1313 caelestia
765 1255 882 1313 semina
902 1256 1053 1331 flammae,

276 1342 376 1414 Atque
403 1338 605 1397 Prometheae
629 1342 754 1397 conscia
776 1340 856 1397 furta
876 1358 997 1417 manus,

238 1424 338 1483 Prima
360 1424 532 1501 peregrinis
551 1424 643 1482 Erebi
667 1432 758 1501 caput
778 1425 888 1482 extulit
911 1428 984 1499 oris,

277 1510 407 1567 insueta
425 1518 454 1565 et
476 1508 559 1566 vultu
581 1509 687 1567 terruit
709 1518 794 1569 astra
818 1528 882 1582 suo,

240 1596 409 1653 Morborum
435 1602 464 1651 et
484 1594 578 1651 traxit
599 1594 712 1652 ferales
733 1596 832 1669 prima
852 1596 1003 1666 cobortes3

278 1678 377 1753 Seque
403 1678 508 1735 ducem
530 1678 620 1736 iussit
640 1687 670 1735 et
693 1698 749 1737 sua
771 1680 860 1756 signa
882 1680 977 1753 sequi.

239 1764 308 1822 Inde
332 1764 490 1821 hominum
513 1764 633 1822 miseris
656 1765 823 1822 cervicibus
844 1763 981 1823 imminet
1004 1766 1102 1826 bostis
1110 1788 1120 1839 3

277 1847 384 1907 Calcat
408 1857 437 1906 et
455 1848 600 1925 imposito
620 1849 741 1906 subdita
765 1849 845 1907 colla
869 1850 956 1925 pede.

240 1934 263 1993 Ο
283 1933 390 1991 dulces
414 1935 545 2005 animae,
569 1933 596 1991 si
619 1934 670 2009 qui
695 1935 862 2008 superestis
886 1935 985 2008 amici,

276 2020 348 2077 Iure
368 2018 503 2076 sodalitii
522 2026 648 2093 pectora
668 2020 771 2077 iuncta
792 2020 876 2091 mihi,

239 2103 370 2179 Accipite
394 2105 449 2161 bas
472 2103 634 2179 lacrymas,
659 2104 793 2179 supremi
815 2105 943 2183 pignora
964 2105 1073 2179 luctus,

277 2188 453 2263 Tristiaque
477 2188 586 2245 atratis
608 2188 742 2245 carmina
763 2190 845 2264 picta
867 2190 955 2247 notis.

239 2274 274 2333 lit
292 2273 348 2333 tibi
372 2292 429 2331 nec
451 2274 549 2331 nostri
569 2273 609 2332 sit
630 2274 745 2332 funeris
767 2274 874 2331 ultima
897 2294 978 2348 cura,

277 2361 430 2418 Devotum
453 2358 561 2430 Musis,
585 2357 672 2416 docte
694 2358 832 2431 Melisse,
856 2369 954 2436 caput.

239 2443 286 2505 Sic
307 2444 363 2501 tibi
389 2445 450 2503 sint
471 2443 576 2502 faciles
598 2443 743 2502 Boeotiae
763 2445 886 2503 numina
907 2447 1025 2518 Musae,

277 2530 486 2606 Impediatque
506 2539 574 2588 tuas
598 2529 700 2587 laurus
720 2529 813 2587 odora
832 2549 946 2589 comes.

238 2619 333 2689 Atque
356 2615 441 2687 olim,
466 2615 644 2689 quandoque
666 2615 724 2671 mei
746 2634 805 2672 non
827 2616 925 2673 inscia
946 2615 1001 2672 fati

276 2700 384 2757 Vertet
401 2701 433 2757 in
455 2699 606 2756 auriculas
629 2701 739 2756 nuncia
760 2700 843 2756 fama
865 2709 945 2770 tuas,

237 2785 385 2844 Omnibus
406 2785 523 2842 indicas
545 2785 594 2841 fao
614 2784 738 2855 luctum,
761 2783 879 2855 Psalle,
905 2783 1022 2860 poetis3

275 2871 325 2942 llt,
348 2868 466 2942 Nostri,
492 2869 585 2940 dices,
607 2887 679 2946 pars
702 2870 759 2927 fuit
779 2869 832 2926 ille
853 2869 947 2926 chori.

237 2951 403 3026 struices,
428 2954 604 3028 tumuloque
627 2954 714 3012 dabis
736 2963 789 3010 tua
812 2955 946 3012 carmina
968 2957 1087 3019 nostro3

233 3073 236 3080 ·
276 3038 531 3116 Carminibusque
554 3039 615 3096 tuis
637 3040 772 3096 carmina
791 3039 883 3116 iunge
903 3055 986 3094 mea:

237 3122 312 3182 Heio
332 3123 409 3182 situs
430 3134 487 3196 est,
510 3125 560 3199 qui
580 3143 635 3181 nec
656 3125 744 3196 vixit,
763 3143 820 3181 nec
841 3131 975 3181 mortuus
998 3119 1069 3178 olim
1091 3128 1149 3194 est,

276 3209 357 3266 Nam
380 3228 462 3268 mors
486 3210 556 3267 viva
576 3208 639 3279 illi;
662 3217 778 3266 mortua
800 3210 862 3266 vita
884 3208 951 3265 fuit.

318 3303 425 3370 Scripsit
442 3319 525 3368 aeger,
545 3313 571 3354 et
587 3305 708 3354 laborans
725 3305 791 3353 febri
810 3311 945 3368 quartana.

372 3462 423 3519 31.
467 3463 505 3518 In
531 3461 644 3518 Olorem
665 3463 820 3536 insipnium
841 3457 876 3515 P.
900 3458 1022 3519 Metisci.

238 3540 378 3620 Quisquis
400 3546 482 3622 picta
503 3547 562 3604 mei
584 3545 662 3622 legis
686 3551 864 3622 argumenta
881 3542 1012 3614 Melissi,

277 3629 349 3706 Ipsa
369 3632 432 3689 suis
454 3631 543 3688 etiam
567 3631 649 3688 disce
670 3630 785 3687 referre
804 3628 897 3685 notis.

238 3711 429 3774 Flexanimar
451 3735 539 3774 voces
564 3715 674 3792 signat,
704 3723 870 3788 cantusque
890 3722 998 3788 poetae

277 3799 413 3859 Blandus
436 3799 509 3874 olor,
533 3799 614 3858 dulci
635 3807 755 3877 gutture
778 3817 900 3856 carmen
921 3787 1020 3854 hians‘.

239 3881 317 3942 ldem
342 3883 433 3943 etiam
456 3886 552 3944 niveis
574 3887 677 3960 passis
701 3891 862 3962 argenteus
885 3882 953 3950 alis,
