3000 4725
620 610 771 705 ,aa

236 781 388 839 Murmura
406 778 542 857 pulvinis
565 778 651 856 ripae
676 777 842 837 alludentia
861 778 1024 856 frangens:

236 867 333 941 Atque
355 862 514 923 exercitiis
537 863 621 924 endis
644 862 804 939 pellaeibu’
829 863 949 935 ludens,

236 948 374 1009 Navibus
398 948 552 1021 exultans,
579 967 728 1025 pecorosa
750 948 821 1007 laea
841 947 965 1006 humida
985 949 1130 1009 lustrans.

237 1035 263 1094 0
286 1044 384 1094 mater
404 1032 547 1107 Veneris,
574 1033 753 1093 nebularum
775 1041 870 1091 mater
879 1040 1044 1106 ‘ovantum

235 1120 273 1178 Et
293 1119 427 1177 fontium
451 1118 657 1195 omnigenum,
679 1119 844 1195 liquentum
866 1118 1010 1177 suavibus
1033 1119 1139 1178 undis:

236 1203 303 1265 Hue
325 1204 413 1265 adsis
436 1204 538 1276 nobis,
558 1212 588 1262 et
608 1203 721 1263 blanda
741 1204 870 1263 illabere
890 1203 981 1274 votis,

235 1288 374 1349 Navibus
393 1289 560 1349 immittens
584 1290 753 1348 animarum
775 1288 898 1347 flamina
920 1288 1003 1348 suda.

444 1460 558 1519 Terenti
584 1458 670 1518 Consi
687 1459 828 1535 suffimen,
850 1477 958 1516 murra.
1111 1456 1150 1516 22

238 1542 264 1602 Ο
286 1544 337 1619 qui
363 1543 451 1602 salsa
471 1552 557 1602 tenes
581 1543 686 1619 liquidi
707 1544 879 1621 penetralia
899 1541 1012 1613 mundi,

238 1626 463 1707 Quinquaginta
484 1647 545 1687 una
565 1630 652 1706 pusis
676 1648 731 1707 per
754 1629 875 1688 caerula
895 1627 1041 1705 gaudens,

237 1795 413 1857 Fundamen
438 1793 536 1870 mari’,
559 1818 664 1877 margo
685 1798 985 1875 terrae,principium
1004 1798 1150 1856 omnium:

239 1880 295 1958 Qui
317 1883 430 1943 moliri’
455 1890 563 1942 statum
582 1892 691 1957 terrae,
713 1903 779 1943 eum
802 1884 918 1943 scilieet
939 1900 1024 1941 arces

237 1965 271 2024 ln
292 1969 395 2029 caveis
420 1967 491 2027 olim
512 1968 707 2047 indignantes
732 1987 883 2027 murmure
904 1966 1032 2027 Cauros.

238 2047 296 2110 Sed
317 2063 421 2114 motus
442 2063 540 2111 terrae
564 2072 741 2126 averrunna,
763 2062 794 2112 et
814 2053 898 2112 mitte
919 2053 1066 2112 ministris

236 2134 437 2212 Fluminibus,
457 2154 624 2215 pacemque
645 2145 676 2197 et
697 2158 785 2217 opes,
803 2138 956 2216 ditemque
978 2139 1117 2198 salutem.

346 2308 539 2368 Salueierum
559 2309 718 2368 Nerienem
737 2311 878 2386 suffimen,
898 2319 1040 2369 aromata.
1111 2310 1151 2372 23

238 2388 345 2452 Pullae
369 2393 541 2466 caeruleae,
563 2394 670 2469 liquidi
691 2412 767 2472 gens
789 2394 902 2454 blanda
921 2395 1056 2470 Terenti,

238 2478 416 2551 Aedieolae,
439 2479 557 2552 Latiae,
580 2479 785 2555 ludicraeque,
808 2480 978 2553 fluitantem

240 2559 466 2641 Quinquaginta
484 2582 563 2641 vago
584 2563 737 2622 satuentes
762 2583 912 2624 marmore
931 2584 1026 2641 pnaae

239 2643 397 2708 Tritonum
422 2667 525 2708 currus
548 2655 700 2707 sectantes
722 2667 813 2723 pone,
836 2650 988 2709 inhiantes

239 2727 399 2792 semiferis
422 2732 532 2794 Geniis
551 2751 625 2808 quos
646 2733 759 2792 vitreus
780 2734 888 2792 educat
904 2736 1028 2794 humor:

238 2817 335 2894 Atque
355 2817 427 2878 aliis
450 2817 619 2895 quicunque
640 2817 744 2878 colunt
763 2817 910 2893 liquentia
930 2828 1041 2892 castra,

240 2897 420 2977 Undieolae,
441 2903 529 2976 Salii,
551 2903 716 2962 lustrantes
741 2904 863 2980 agmina
885 2922 1040 2978 aquarum,

238 2982 402 3068 Undivagi,
424 2988 530 3063 liquidi
553 2987 711 3064 Delphini,
733 2987 843 3066 glauca
863 2997 994 3062 tuentes,

239 3067 299 3131 Vos
318 3095 373 3135 oro
396 3091 536 3152 magnam
559 3091 666 3149 copem
685 3092 748 3131 rem
773 3083 850 3133 cette
872 3073 1021 3134 Camillis.

239 3152 317 3216 Nam
338 3179 397 3220 vos
418 3159 500 3218 festa
516 3158 662 3236 coegistis
684 3157 814 3219 Comitia
835 3159 950 3236 primae

239 3237 340 3302 Liberi
363 3244 494 3322 augusti,
517 3252 546 3302 et
567 3243 697 3302 Liberae
724 3245 875 3322 augustei,

239 3323 366 3389 Luciaia
385 3349 453 3388 cum
473 3337 579 3402 matre,
601 3337 632 3387 et
653 3330 832 3406 Apollinare
852 3329 1061 3406 induperante.

437 3503 506 3560 Iuni
528 3501 605 3560 Maii
625 3501 766 3575 suffimen,
788 3511 938 3560 ituraeam.
1110 3500 1148 3560 21

241 3577 286 3638 Te
307 3586 372 3645 ealo
392 3593 518 3644 naturae
541 3586 642 3645 salsae
662 3585 777 3643 Maium
797 3587 1010 3658 aedituentem,

239 3661 453 3748 Primigenam,
476 3671 525 3747 qui
547 3678 684 3730 naturam
709 3671 770 3749 egit
787 3671 818 3729 in
841 3673 929 3732 ordia
948 3672 1057 3749 prima,

241 3747 431 3816 Omnimodis
449 3763 570 3816 mutans
592 3773 680 3814 saara
701 3756 827 3816 foedera
850 3757 1000 3828 materiai,

239 3829 379 3918 laniger
404 3849 435 3902 et
456 3840 632 3915 Consentis,
653 3840 770 3902 callens
792 3843 896 3902 omnia
916 3860 994 3919 quae
1014 3849 1096 3915 aaut,
