3000 4725
729 627 881 720 *1:22-

344 788 425 870 Ὀψὲ
447 787 530 850 θεῶν
553 787 703 850 ἀλέθουσι
727 789 829 872 μύλοι,
852 787 1002 852 ἀλέθουσι
1025 790 1060 852 δέ
1085 792 1187 855 λεπτά.

347 876 433 944 Παῖς
457 894 509 955 μοι
528 873 700 955 τριτογενὴς
721 873 843 957 εἴημὴ
866 873 1061 955 τριτογένεια.

347 955 468 1040 Πέτραν
488 957 634 1043 κοιλαίνει
658 958 740 1040 ῥανὶς
765 959 876 1025 ύδατος
898 958 1087 1043 ἐνδελεχείη.

317 1100 321 1106 ,
348 1041 531 1121 Πνευσάσης
556 1039 663 1124 ἑτέρας
686 1041 783 1125 αύρης
803 1043 952 1127 χαίροντα
976 1043 1096 1127 διαζήν.

348 1126 458 1198 Πολλὰ
484 1126 518 1188 δέ
539 1127 751 1209 μοχθήσαντες
774 1126 901 1188 ἐτώσιον
925 1127 1016 1208 ἐσμὲν
1040 1129 1167 1208 ὁμοίως.

348 1212 458 1280 Πολλά
481 1231 532 1272 κεν
554 1211 677 1292 εἰδείης,
700 1212 746 1278 οἷς
764 1212 815 1272 καὶ
837 1212 910 1274 θεὸν
934 1211 1150 1293 ἐξαπατήσεις.

348 1295 458 1364 Πολλά
485 1295 581 1377 μάτην
604 1295 764 1377 κεράεσσιν
789 1295 819 1361 ἐς
839 1294 918 1379 ήέρα
939 1295 1137 1378 θυμαίνοντα.

349 1378 459 1448 Πολλὰ
483 1378 595 1459 μεταξύ
616 1379 705 1440 πέλει
727 1379 852 1446 κύλικος
869 1380 921 1442 καὶ
940 1381 1063 1463 χειλεος
1082 1379 1189 1464 ἀκρου.

349 1464 489 1532 Πολλάκι
510 1464 563 1525 καί
584 1485 631 1524 τοι
654 1465 759 1546 μωρὸς
780 1463 858 1546 ἀνὴρ
881 1466 965 1544 μάλα
987 1464 1103 1546 καίριον
1128 1465 1219 1530 εἶπεν.

349 1547 476 1616 Πολλὰς
501 1547 538 1629 δὴ
563 1547 901 1630 φιλίαςιάπροσηγορίη
925 1547 1076 1610 διέλυσεν.

349 1633 469 1699 Πολλοὶ
492 1631 666 1778 μουκένται,
690 1636 806 1715 παῦροι
827 1632 862 1694 δέ
882 1655 915 1693 τε
935 1637 991 1714 γῆς
1013 1633 1173 1717 ἀροτῆρες.

349 1717 469 1784 Πολλοὶ
509 1738 523 1776 ν
544 1715 694 1799 Ἀρκαδίη
720 1718 937 1801 βαλανηφάγοι
957 1716 1067 1800 ἀνδρες
1091 1715 1172 1780 ἔασι.

350 1802 468 1868 Πολλοὶ
492 1798 664 1886 θριοβύλοι,
691 1805 806 1883 παῦροι
829 1799 863 1862 δέ
883 1823 918 1862 τε
941 1800 1200 1885 μάντιεςάνδρες.

350 1885 470 1951 Πολλοί
488 1907 535 1946 τοι
557 1883 802 1969 ναρθηκοφόροι,
824 1891 939 1968 παῦροι
961 1885 996 1948 δέ
1018 1909 1051 1948 τε
1073 1885 1196 1994 βάκχοι.

348 1971 482 2036 Πολλὼς
501 1974 544 2030 τῶ
566 1965 708 2051 Βρασίδα
728 1968 933 2051 Λακεδαίμων
957 1969 1109 2054 κάρρονας
1133 1993 1225 2055 ισχει.

349 2053 685 2136 Πουλυμαθημοσύνης
703 2052 795 2116 ούδέν
812 2056 999 2137 κενεώτερον
1020 2052 1109 2117 ἀλλο.

349 2135 555 2204 Πουλύποδος
573 2134 700 2221 κεφαλή
713 2135 758 2200 ένι
778 2137 832 2220 μὲν
851 2140 956 2214 κακὸν,
981 2138 1011 2199 ἐν
1026 2139 1127 2200 δὲκαὶ
1142 2137 1259 2202 ἐσθλύν.

349 2221 434 2303 Πρὸς
457 2222 490 2283 τὸ
518 2223 615 2305 παρὸν
640 2222 677 2304 δὴ
702 2227 789 2303 μήτις
811 2221 933 2290 ἀέξεται
956 2222 1157 2305 ἀνθρώποισι.

349 2305 423 2373 Πῶς
442 2305 499 2389 γὰρ
522 2305 664 2389 τοιαύτης
684 2305 818 2389 δύναμαι
838 2305 945 2389 θοίνης
967 2305 1159 2392 ἀπέχεσθαι;

240 2401 242 2405 ’
349 2390 459 2475 Σειρὴν
482 2390 537 2473 μέν
560 2392 648 2475 φιλυν
670 2390 823 2473 ἀγγέλλει,
844 2390 940 2459 ξεῖνον
964 2393 999 2455 δὲ
1021 2391 1163 2455 μέλισσα.

349 2475 435 2539 Σύκα
460 2473 526 2558 φίλ’
553 2475 707 2559 ὀρνίθεσσι
731 2474 872 2559 φυτεύειν
898 2475 954 2539 οὐκ
975 2449 1130 2561 ἐθέλουσι.

350 2556 412 2623 Τάν
433 2559 545 2642 ,ἀρετὰν
565 2561 617 2622 καὶ
641 2559 695 2622 τάν
718 2561 830 2644 σοφίαν
854 2565 966 2623 νικάντι
987 2562 1135 2645 χελῶναι.

351 2640 482 2727 Τετράδι
504 2649 616 2728 κοῦρος
638 2642 753 2726 ἔγεντο,
774 2645 824 2707 καὶ
848 2644 969 2707 ούποκα
990 2646 1147 2726 πάγκακος
1169 2642 1259 2707 ἔσται.
1316 2637 1317 2696 ί

351 2725 400 2811 Τή
423 2728 477 2811 μὲν
504 2728 587 2812 ύδωρ
611 2728 719 2813 φορέει
742 2730 833 2811 δολίη
856 2730 935 2814 χερὶ,
964 2734 1004 2812 ιή
1026 2728 1055 2791 δ’
1078 2727 1170 2812 ἑτέρη
1193 2734 1258 2813 πῦρ.

350 2808 413 2896 Τῆς
430 2818 532 2897 ψυχῆς
555 2814 662 2893 ἐστὶ[ν]
688 2814 815 2875 δουλεία
837 2816 1101 2895 γλωσσοκομείον.

347 2894 452 2959 ’Τίκτει
473 2920 520 2961 τοι
539 2898 636 2981 κούρη
661 2898 712 2959 καὶ
735 2898 808 2958 ὅταν
833 2900 926 2961 κακδν
947 2898 1034 2980 ἀνδρὶ
1055 2896 1180 2978 παρείη.

351 2976 403 3049 Τίς
422 2981 531 3066 πατέρ’
547 2982 684 3065 αἰνήσεά
709 2982 736 3043 εἰ
761 2983 801 3064 μὴ
824 2981 1036 3063 κακοδαίμονα
1054 2979 1162 3056 τέκνα;

351 3061 411 3129 Τδν
438 3068 541 3129 σικυὸν
567 3070 722 3150 τρώγοισα
741 3066 829 3147 γύναι
852 3065 904 3128 τάν
927 3067 1057 3149 χλαῖναν
1080 3066 1201 3149 ὕφαινε.

351 3145 431 3215 Τοὺς
455 3151 599 3219 συνετοὺς
621 3150 656 3214 ἀν
678 3172 721 3217 τις
746 3151 867 3213 πείσειε
885 3149 1014 3255 τάχιστα
1035 3148 1134 3231 λέγων
1159 3146 1205 3211 εὖ.

350 3229 422 3317 Τρὶς
444 3236 472 3297 δ>
498 3233 764 3318 ἀπομαξαμένοισι
787 3235 856 3297 θεοὶ
879 3235 1015 3296 διδοασιν
1042 3232 1179 3316 ἄμεινον.
1316 3247 1317 3318 γ

351 3314 420 3401 Τῶν
437 3320 583 3382 ’δυνατῶν
604 3343 631 3382 τι
653 3318 769 3383 κέλευ’.
794 3320 831 3383 ού
855 3318 912 3401 γὰρ
932 3318 1018 3401 πάρα
1032 3314 1151 3381 Κενταύ
1174 3339 1240 3378 οισι.

351 3399 420 3464 Τῶν
445 3400 513 3465 ἔσθ’
541 3403 594 3471 οὓς
614 3403 756 3472 ἐδίδαξαν
781 3403 927 3487 ἀριστερὰ
943 3403 1110 3505 γράμματα
1128 3339 1257 3465 θΤυύσαι.

344 3485 453 3569 Ὑμεῖς
473 3486 504 3549 δ>
522 3487 639 3569 Αἰγιεῖς
662 3486 732 3549 ούτε
754 3489 858 3572 τρίτοι,
883 3486 955 3549 οὔτε
976 3508 1124 3569 τεταρτοι.

344 3569 521 3634 Ὓπνώσσει
540 3573 569 3633 δ’
591 3572 661 3635 οὐδ’
687 3571 780 3633 ὅσσον
806 3571 937 3655 ἀηδύνες
954 3570 1160 3633 ύπνώσσουσι.

353 3654 503 3719 Φωκείιυν
527 3654 634 3741 μέχρις
656 3680 691 3718 κε
713 3656 793 3763 μένη
819 3656 914 3739 μέγας
936 3656 978 3717 εἰν
1008 3655 1059 3716 ἁλὶ
1081 3653 1207 3738 μύδρος.
1316 3725 1317 3728 ¹

351 3738 473 3823 Χειρῶν
498 3739 687 3823 ὀλλυμένων,
711 3740 794 3825 εῤῥει
816 3740 985 3821 πολύμητις
1002 3737 1139 3821 Ἀθήνη.
1236 3753 1238 3758 “
1316 3745 1317 3808 fl

351 3821 457 3908 Χρειώ
478 3824 568 3889 πάντ’
588 3825 719 3895 ἐδίδαξε.
741 3824 771 3886 τί
790 3824 826 3886 οὐ
845 3825 950 3909 χρειώ
964 3845 1015 3887 κεν
1039 3822 1180 3906 ἀνεύροι;
1316 3823 1317 3840 ’
