3000 4725
755 621 907 718 Β*

365 781 476 854 Ἥλιος
497 782 674 862 Ἀπόλλων,
695 785 747 848 καὶ
769 788 787 850 ὁ
805 787 971 852 Ἀπόλλων
993 789 1092 872 ήλιος.

364 866 457 954 Ἥλιρ
480 870 531 931 τδν
552 869 640 952 ἧλον,
662 871 810 957 παττάλῳ
832 874 884 936 τδν
904 874 1068 937 πάτταλον.

367 951 478 1037 Ἡμεῖς
498 953 556 1036 γὰρ
581 951 652 1016 υύτε
672 951 799 1037 θέομεν,
818 956 886 1019 οὔτ’
910 957 1093 1040 ἐλαύνομεν.

367 1037 460 1121 Ἧμῖν
480 1037 615 1100 πόνοισιν
641 1037 742 1120 ἀγαθὰ
765 1043 907 1106 πωλοῦσι
927 1042 1007 1105 θεοί.

366 1121 460 1205 Ἧμῖν
486 1122 605 1236 ἐπιββεῖ
626 1127 753 1208 πρᾶγμα
772 1125 1062 1210 τούξαντλούμενον.

306 1233 310 1242 “
364 1205 424 1270 ’Ἦν
449 1208 489 1290 μὴ
512 1207 665 1291 καθαίρης
688 1209 740 1271 καὶ
763 1207 889 1294 ἀλίσης,
909 1211 945 1274 ού
968 1212 1009 1294 μὴ
1035 1212 1154 1296 φάγοις.

373 1291 543 1360 Θαλάττιύς
562 1290 592 1373 γ’
615 1291 657 1354 ὢν
683 1294 754 1374 μήτι
773 1299 920 1396 χερσαῖος
941 1300 1043 1378 γενοῦ.

372 1376 453 1444 Θεὸς
473 1374 666 1457 λαλούμενύς
687 1399 720 1438 τε
743 1379 895 1462 κφιιλητος
916 1382 1009 1463 πάροι.

333 1517 335 1521 .
372 1461 454 1526 Θεοῦ
479 1461 504 1523 δ’
530 1458 656 1527 ὄνειδος.
670 1460 742 1530 τούς
763 1463 880 1532 κακούς
899 1464 1105 1547 εύδαιμονεῖν.

372 1544 455 1609 Θεοῦ
480 1546 515 1607 δὲ
539 1543 639 1628 δῶρόν
663 1545 740 1608 ἐστιν
764 1545 902 1631 εὐτυχεῖν
927 1548 1064 1633 βροτούς.

372 1629 455 1694 Θεοῦ
475 1629 623 1696 Θέλοντος
639 1626 693 1714 κᾷν
719 1631 769 1693 ἐπὶ
792 1632 879 1715 βιπδς
898 1631 1014 1701 πλέοις.

371 1714 445 1799 Θεῷ
468 1714 625 1798 μάχεσθαι
646 1713 744 1777 δεινύν
769 1716 833 1778 ἐστι
851 1717 904 1780 καὶ
924 1717 1013 1801 τύχη.

371 1798 437 1883 Θήρ
461 1798 601 1866 ποινιλος
624 1799 690 1883 μὲν,
712 1799 831 1885 θητέρηι
853 1803 884 1864 δ’
909 1801 945 1865 ού
968 1802 1111 1884 ληπτέος.

370 1883 496 1968 Θρασὺς
517 1885 594 1966 πρὸς
617 1883 706 1967 ἔργον
730 1885 810 1948 ἐστὶν
834 1885 869 1948 ἐκ
885 1889 1006 1949 πολλοῦ
1028 1885 1133 1954 κακύς.

370 1967 479 2052 Θυμοῦ
501 1967 559 2050 γὰρ
581 1967 671 2030 οῦδὲν
695 1967 773 2032 ἄλλο
797 1975 903 2054 γήρας,
926 1971 1006 2053 πλὴν
1027 1971 1144 2035 θανεῖν.

370 2051 494 2135 Θύραζε
516 2048 629 2135 Κᾶρες.
651 2052 708 2116 οὐκ
731 2052 774 2115 ἔτ’
792 2053 1007 2139 Ἀνθεστήρια.

328 2133 338 2152 “
366 2135 447 2200 Ἰδού
471 2158 507 2218 γε
530 2138 634 2205 καινὸς
653 2137 759 2200 υύτοσὶ
781 2137 991 2223 Παλαίφατος.

361 2217 429 2286 Ἵνα
450 2221 490 2303 μή
515 2242 548 2281 σε
571 2222 662 2306 βάψω
687 2221 796 2306 βάμμα
817 2223 1028 2308 Σαρδινιαιιόν.

367 2302 454 2389 Κᾷθ
479 2306 583 2390 ὥσπερ
604 2307 635 2369 αἱ
657 2305 760 2370 τιτθαί
776 2331 823 2390 γε,
848 2309 966 2381 σιτίζεις
989 2313 1101 2378 κακῶς.

367 2389 429 2455 Καὶ
454 2390 491 2472 δὴ
515 2389 624 2472 γένοιτ’
652 2390 687 2454 ἄν
710 2396 825 2462 παντὸς
848 2395 883 2457 ἐκ
903 2395 995 2463 ξύλου
1015 2394 1100 2458 ιιίων.

368 2474 431 2539 Καὶ
452 2475 555 2558 μάντις
577 2476 619 2538 ὢν
642 2474 766 2557 ἄριστος
789 2478 928 2563 ἐσφάλου
949 2477 1034 2543 ποτέ.

368 2558 431 2623 Καὶ
456 2557 548 2621 Πύθι’
574 2561 637 2623 ἐστὶ
656 2560 753 2624 ταῦτά
776 2586 826 2625 σοι
847 2564 898 2626 καὶ
921 2565 1031 2647 Δήλια.

368 2642 483 2709 Καινύν
504 2666 539 2725 γε
565 2646 673 2728 μηδὲν,
696 2650 815 2729 μᾶλλον
837 2646 876 2712 οιύ
897 2647 1080 2711 Φοινικικόν.

341 2764 347 2775 =
368 2726 490 2812 Καιροῦ
514 2732 615 2813 τυχὼν
642 2731 658 2793 ὁ
680 2734 807 2816 πτωχὸς
826 2731 926 2817 ἰσχύει
950 2732 1038 2815 μέγα.

367 2811 473 2876 Κακύν
490 2835 525 2894 γε
549 2816 650 2897 δῶρον
673 2814 739 2878 ίσύν
765 2817 830 2879 ἐστι
853 2818 956 2901 ζημίᾳ.

366 2895 472 2961 Κακδν
494 2899 528 2961 τδ
550 2899 645 2962 καλδν
672 2902 742 2983 μήτι
762 2906 817 2963 τοῦ
836 2907 946 2985 καιροῦ
969 2902 1072 2987 τυχὸν.

367 2980 472 3049 Κακδς
489 2988 576 3067 κακῷ
596 2982 654 3067 γὰρ
679 2985 859 3069 συντέτηκεν
885 2987 994 3070 ἡδονή.

367 3065 465 3151 Kana?
487 3068 593 3152 βάδιζε
616 3069 697 3151 μηδὲ
718 3071 772 3151 τὴν
796 3070 890 3154 αὐτὴν
913 3069 996 3134 ύδύν.

366 3149 465 3235 Καιιῷ
488 3149 540 3214 σύν
564 3152 651 3236 ἀνδρὶ
674 3154 715 3236 μὴ
737 3155 766 3216 δ’
792 3154 875 3223 ὅλως
893 3153 1061 3238 ύδυιπύρει.

366 3232 492 3303 Κάλλας
514 3236 657 3318 γυναικός
680 3238 759 3300 ἐστιν
783 3239 960 3323 ἀνθρώποις
980 3240 1079 3324 βέλος.

366 3316 482 3387 Καλῶς
500 3321 645 3385 παλεύειν
669 3322 735 3385 οἶδε
754 3325 807 3405 τὴν
830 3325 988 3388 ἀλώπεκα.

366 3399 431 3486 Κᾷν
457 3403 507 3466 διὰ
530 3411 691 3490 μαχαιρῶν
714 3409 766 3471 καὶ
786 3410 884 3491 πυρδς
905 3408 1016 3492 ῥίπτειν
1041 3405 1108 3491 δέη.
1135 3462 1139 3469 .

365 3484 492 3550 Καπνύν
514 3511 548 3570 γε
571 3490 694 3574 φεύγων
720 3492 764 3561 εἰς
785 3495 820 3557 τὸ
841 3498 901 3574 πῦρ
923 3492 1114 3577 περιέπεσεν.

398 3570 504 3635 ατύπιν
531 3574 640 3657 ἑορτῆς
665 3577 864 3659 ὑστεροῦντες
881 3579 1008 3661 ἥκομεν.

365 3652 546 3741 Κάτοπτρον
571 3658 675 3729 εἴδους
698 3664 816 3745 χαλκὸς
836 3660 912 3737 ἔστ’,
935 3661 1018 3730 οἶνος
1040 3661 1075 3724 δὲ
1098 3665 1166 3724 νοῦ.

366 3736 481 3812 Κλύζει
503 3742 648 3807 θάλασσα
669 3747 769 3809 πάντα
792 3745 821 3809 τ’
845 3746 1018 3828 ἀνθρώπων
1037 3747 1128 3810 κακά.

365 3821 510 3908 Κρεῖττον
535 3826 667 3911 βαδίζειν
691 3836 748 3893 σοῦ
769 3828 948 3914 Χαρινάδης
969 3828 1039 3915 ἔφυ.
1068 3887 1072 3892 .
