<?xml version="1.0" encoding="UTF-8"?>
<!DOCTYPE html PUBLIC "-//W3C//DTD XHTML 1.0 Transitional//EN"
    "http://www.w3.org/TR/xhtml1/DTD/xhtml1-transitional.dtd">
<html xmlns="http://www.w3.org/1999/xhtml" xml:lang="en" lang="en">
 <head>
  <title>
</title>
<meta http-equiv="Content-Type" content="text/html;charset=utf-8" />
  <meta name='ocr-system' content='tesseract 3.04.00' />
  <meta name='ocr-capabilities' content='ocr_page ocr_carea ocr_par ocr_line ocrx_word'/>
</head>
<body>
  <div class='ocr_page' id='page_1' title='image "./iosephiscaliger00scalgoog_0030.png"; bbox 0 0 3000 4725; ppageno 0'>
   <div class='ocr_carea' id='block_1_1' title="bbox 768 610 809 668">
    <p class='ocr_par' dir='ltr' id='par_1_1' title="bbox 768 610 809 668">
     <span class='ocr_line' id='line_1_1' title="bbox 768 610 809 668; baseline -0.049 0"><span class='ocrx_word' id='word_1_1' title='bbox 768 610 809 668; x_wconf 81' lang='lat'><strong>30</strong></span> 
     </span>
    </p>
   </div>
   <div class='ocr_carea' id='block_1_2' title="bbox 332 778 1049 1026">
    <p class='ocr_par' dir='ltr' id='par_1_2' title="bbox 332 778 1049 1026">
     <span class='ocr_line' id='line_1_2' title="bbox 332 778 964 850; baseline 0.002 -14"><span class='ocrx_word' id='word_1_2' title='bbox 332 778 392 836; x_wconf 86' lang='lat' dir='ltr'><strong>Hic</strong></span> <span class='ocrx_word' id='word_1_3' title='bbox 415 797 471 837; x_wconf 90' lang='lat' dir='ltr'><strong>vos</strong></span> <span class='ocrx_word' id='word_1_4' title='bbox 495 778 593 836; x_wconf 81' lang='lat' dir='ltr'><strong>saluto</strong></span> <span class='ocrx_word' id='word_1_5' title='bbox 613 778 722 837; x_wconf 85' lang='lat' dir='ltr'><strong>laetus.</strong></span> <span class='ocrx_word' id='word_1_6' title='bbox 751 780 827 838; x_wconf 83' lang='lat' dir='ltr'><strong>Ilste</strong></span> <span class='ocrx_word' id='word_1_7' title='bbox 846 779 964 850; x_wconf 84' lang='lat' dir='ltr'><strong>felices,</strong></span> 
     </span>
     <span class='ocr_line' id='line_1_3' title="bbox 332 863 935 941; baseline 0.002 -21"><span class='ocrx_word' id='word_1_8' title='bbox 332 863 450 937; x_wconf 88' lang='lat' dir='ltr'><strong>Pioque</strong></span> <span class='ocrx_word' id='word_1_9' title='bbox 473 882 590 933; x_wconf 88' lang='lat' dir='ltr'><strong>manes,</strong></span> <span class='ocrx_word' id='word_1_10' title='bbox 611 882 640 934; x_wconf 85' lang='lat' dir='ltr'><strong>o,</strong></span> <span class='ocrx_word' id='word_1_11' title='bbox 664 876 776 941; x_wconf 90' lang='lat' dir='ltr'><strong>nepote</strong></span> <span class='ocrx_word' id='word_1_12' title='bbox 797 863 935 941; x_wconf 87' lang='lat' dir='ltr'><strong>gandete.</strong></span> 
     </span>
     <span class='ocr_line' id='line_1_4' title="bbox 332 947 1049 1026; baseline 0 -20"><span class='ocrx_word' id='word_1_13' title='bbox 332 949 384 1020; x_wconf 81' lang='lat' dir='ltr'><strong>Ut,</strong></span> <span class='ocrx_word' id='word_1_14' title='bbox 409 966 499 1022; x_wconf 92' lang='lat' dir='ltr'><strong>quam</strong></span> <span class='ocrx_word' id='word_1_15' title='bbox 521 947 627 1004; x_wconf 89' lang='lat' dir='ltr'><strong>ruinae</strong></span> <span class='ocrx_word' id='word_1_16' title='bbox 645 966 694 1004; x_wconf 93' lang='lat' dir='ltr'><strong>me</strong></span> <span class='ocrx_word' id='word_1_17' title='bbox 716 949 910 1026; x_wconf 79' lang='lat' dir='ltr'><strong>superstitem</strong></span> <span class='ocrx_word' id='word_1_18' title='bbox 931 956 1049 1006; x_wconf 86' lang='lat' dir='ltr'><strong>vestrae</strong></span> 
     </span>
    </p>
   </div>
   <div class='ocr_carea' id='block_1_3' title="bbox 332 1032 1011 1279">
    <p class='ocr_par' dir='ltr' id='par_1_3' title="bbox 332 1032 1011 1279">
     <span class='ocr_line' id='line_1_5' title="bbox 332 1032 1011 1119; baseline -0.003 -28"><span class='ocrx_word' id='word_1_19' title='bbox 332 1033 395 1091; x_wconf 90' lang='lat' dir='ltr'><strong>Par</strong></span> <span class='ocrx_word' id='word_1_20' title='bbox 417 1040 464 1091; x_wconf 89' lang='lat' dir='ltr'><strong>est</strong></span> <span class='ocrx_word' id='word_1_21' title='bbox 486 1032 601 1119; x_wconf 81' lang='lat' dir='ltr'><strong>dolere,</strong></span> <span class='ocrx_word' id='word_1_22' title='bbox 624 1041 725 1091; x_wconf 81' lang='lat' dir='ltr'><strong>tamne</strong></span> <span class='ocrx_word' id='word_1_23' title='bbox 748 1034 854 1105; x_wconf 84' lang='lat' dir='ltr'><strong>laeter,</strong></span> <span class='ocrx_word' id='word_1_24' title='bbox 875 1042 908 1091; x_wconf 93' lang='lat' dir='ltr'><strong>nt</strong></span> <span class='ocrx_word' id='word_1_25' title='bbox 928 1040 1011 1091; x_wconf 88' lang='lat' dir='ltr'><strong>resto</strong></span> 
     </span>
     <span class='ocr_line' id='line_1_6' title="bbox 332 1118 1000 1194; baseline -0.004 -17"><span class='ocrx_word' id='word_1_26' title='bbox 332 1119 359 1177; x_wconf 86' lang='grc' dir='ltr'><strong>Ε</strong></span> <span class='ocrx_word' id='word_1_27' title='bbox 381 1136 483 1176; x_wconf 89' lang='lat' dir='ltr'><strong>messe</strong></span> <span class='ocrx_word' id='word_1_28' title='bbox 504 1125 589 1174; x_wconf 87' lang='lat' dir='ltr'><strong>tanta</strong></span> <span class='ocrx_word' id='word_1_29' title='bbox 610 1137 728 1177; x_wconf 88' lang='lat' dir='ltr'><strong>semen:</strong></span> <span class='ocrx_word' id='word_1_30' title='bbox 758 1138 774 1175; x_wconf 88' lang='lat' dir='ltr'><strong>e</strong></span> <span class='ocrx_word' id='word_1_31' title='bbox 797 1118 1000 1194; x_wconf 84' lang='lat' dir='ltr'>procellisque</span> 
     </span>
     <span class='ocr_line' id='line_1_7' title="bbox 333 1202 997 1279; baseline -0.003 -18"><span class='ocrx_word' id='word_1_32' title='bbox 333 1202 452 1261; x_wconf 86' lang='lat' dir='ltr'><strong>Tantae</strong></span> <span class='ocrx_word' id='word_1_33' title='bbox 474 1204 582 1261; x_wconf 91' lang='lat' dir='ltr'><strong>domus</strong></span> <span class='ocrx_word' id='word_1_34' title='bbox 605 1203 719 1261; x_wconf 84' lang='lat' dir='ltr'><strong>tabella</strong></span> <span class='ocrx_word' id='word_1_35' title='bbox 740 1204 891 1279; x_wconf 84' lang='lat' dir='ltr'><strong>naufragii</strong></span> <span class='ocrx_word' id='word_1_36' title='bbox 913 1202 997 1259; x_wconf 92' lang='lat' dir='ltr'><strong>tanti.</strong></span> 
     </span>
    </p>
   </div>
   <div class='ocr_carea' id='block_1_4' title="bbox 333 1370 1161 2043">
    <p class='ocr_par' dir='ltr' id='par_1_4' title="bbox 333 1370 1161 2043">
     <span class='ocr_line' id='line_1_8' title="bbox 499 1370 1075 1431; baseline 0 -2"><span class='ocrx_word' id='word_1_37' title='bbox 499 1370 549 1429; x_wconf 84' lang='lat'><strong>29.</strong></span> <span class='ocrx_word' id='word_1_38' title='bbox 592 1372 643 1429; x_wconf 72' lang='lat' dir='ltr'><strong>Aa</strong></span> <span class='ocrx_word' id='word_1_39' title='bbox 662 1373 787 1431; x_wconf 82' lang='lat' dir='ltr'><strong>Paulum</strong></span> <span class='ocrx_word' id='word_1_40' title='bbox 810 1372 959 1431; x_wconf 76' lang='lat' dir='ltr'><strong>Maliacum</strong></span> <span class='ocrx_word' id='word_1_41' title='bbox 979 1373 1014 1429; x_wconf 88' lang='lat' dir='ltr'><strong>P.</strong></span> <span class='ocrx_word' id='word_1_42' title='bbox 1038 1373 1075 1430; x_wconf 91' lang='lat' dir='ltr'><strong>L.</strong></span> 
     </span>
     <span class='ocr_line' id='line_1_9' title="bbox 334 1455 1011 1532; baseline -0.004 -15"><span class='ocrx_word' id='word_1_43' title='bbox 334 1455 475 1517; x_wconf 75' lang='lat' dir='ltr'><strong>caeleste</strong></span> <span class='ocrx_word' id='word_1_44' title='bbox 497 1464 614 1532; x_wconf 88' lang='lat' dir='ltr'><strong>pectus,</strong></span> <span class='ocrx_word' id='word_1_45' title='bbox 642 1458 727 1515; x_wconf 87' lang='lat' dir='ltr'><strong>cuins</strong></span> <span class='ocrx_word' id='word_1_46' title='bbox 750 1477 790 1515; x_wconf 89' lang='lat' dir='ltr'><strong>ex</strong></span> <span class='ocrx_word' id='word_1_47' title='bbox 811 1458 1011 1517; x_wconf 74' lang='lat' dir='ltr'><strong>inexhaustae</strong></span> 
     </span>
     <span class='ocr_line' id='line_1_10' title="bbox 333 1541 1024 1619; baseline 0 -20"><span class='ocrx_word' id='word_1_48' title='bbox 333 1541 445 1599; x_wconf 90' lang='lat' dir='ltr'><strong>Mentis</strong></span> <span class='ocrx_word' id='word_1_49' title='bbox 466 1541 624 1613; x_wconf 80' lang='lat' dir='ltr'><strong>scatebris,</strong></span> <span class='ocrx_word' id='word_1_50' title='bbox 650 1543 881 1617; x_wconf 88' lang='lat' dir='ltr'><strong>limpidissimae</strong></span> <span class='ocrx_word' id='word_1_51' title='bbox 903 1542 1024 1619; x_wconf 84' lang='lat' dir='ltr'><strong>liuguae</strong></span> 
     </span>
     <span class='ocr_line' id='line_1_11' title="bbox 335 1625 898 1698; baseline -0.005 -12"><span class='ocrx_word' id='word_1_52' title='bbox 335 1625 480 1686; x_wconf 85' lang='lat' dir='ltr'><strong>Sermone</strong></span> <span class='ocrx_word' id='word_1_53' title='bbox 501 1626 548 1683; x_wconf 93' lang='lat' dir='ltr'><strong>dio</strong></span> <span class='ocrx_word' id='word_1_54' title='bbox 570 1646 648 1684; x_wconf 89' lang='lat' dir='ltr'><strong>vena</strong></span> <span class='ocrx_word' id='word_1_55' title='bbox 669 1628 765 1685; x_wconf 89' lang='lat' dir='ltr'><strong>lacteo</strong></span> <span class='ocrx_word' id='word_1_56' title='bbox 786 1636 898 1698; x_wconf 86' lang='lat' dir='ltr'><strong>manat,</strong></span> 
     </span>
     <span class='ocr_line' id='line_1_12' title="bbox 334 1711 1161 1789; baseline -0.001 -21"><span class='ocrx_word' id='word_1_57' title='bbox 334 1711 478 1769; x_wconf 82' lang='lat' dir='ltr'><strong>Melisse:</strong></span> <span class='ocrx_word' id='word_1_58' title='bbox 501 1711 573 1787; x_wconf 91' lang='lat' dir='ltr'><strong>qnid</strong></span> <span class='ocrx_word' id='word_1_59' title='bbox 592 1730 640 1769; x_wconf 92' lang='lat' dir='ltr'><strong>me</strong></span> <span class='ocrx_word' id='word_1_60' title='bbox 663 1714 854 1789; x_wconf 83' lang='lat' dir='ltr'><strong>naufragum,</strong></span> <span class='ocrx_word' id='word_1_61' title='bbox 874 1712 947 1788; x_wconf 85' lang='lat' dir='ltr'><strong>quid</strong></span> <span class='ocrx_word' id='word_1_62' title='bbox 968 1728 1161 1787; x_wconf 87' lang='lat' dir='ltr'><strong>oppressum,</strong></span> 
     </span>
     <span class='ocr_line' id='line_1_13' title="bbox 334 1795 1001 1873; baseline 0 -20"><span class='ocrx_word' id='word_1_63' title='bbox 334 1795 414 1867; x_wconf 82' lang='lat' dir='ltr'><strong>Quid</strong></span> <span class='ocrx_word' id='word_1_64' title='bbox 436 1797 574 1873; x_wconf 90' lang='lat' dir='ltr'><strong>improbo</strong></span> <span class='ocrx_word' id='word_1_65' title='bbox 596 1797 712 1856; x_wconf 90' lang='lat' dir='ltr'><strong>doloris</strong></span> <span class='ocrx_word' id='word_1_66' title='bbox 738 1800 877 1857; x_wconf 91' lang='lat' dir='ltr'><strong>obrutum</strong></span> <span class='ocrx_word' id='word_1_67' title='bbox 901 1796 1001 1867; x_wconf 82' lang='lat' dir='ltr'><strong>fluctu,</strong></span> 
     </span>
     <span class='ocr_line' id='line_1_14' title="bbox 334 1881 1081 1957; baseline -0.007 -16"><span class='ocrx_word' id='word_1_68' title='bbox 334 1881 526 1957; x_wconf 85' lang='lat' dir='ltr'><strong>Curvnmque</strong></span> <span class='ocrx_word' id='word_1_69' title='bbox 550 1882 642 1954; x_wconf 85' lang='lat' dir='ltr'><strong>luctu,</strong></span> <span class='ocrx_word' id='word_1_70' title='bbox 668 1892 698 1940; x_wconf 94' lang='lat' dir='ltr'><strong>et</strong></span> <span class='ocrx_word' id='word_1_71' title='bbox 720 1884 818 1940; x_wconf 84' lang='lat' dir='ltr'><strong>fronte</strong></span> <span class='ocrx_word' id='word_1_72' title='bbox 841 1900 953 1939; x_wconf 86' lang='lat' dir='ltr'><strong>cernua</strong></span> <span class='ocrx_word' id='word_1_73' title='bbox 971 1890 1081 1938; x_wconf 85' lang='lat' dir='ltr'><strong>terram</strong></span> 
     </span>
     <span class='ocr_line' id='line_1_15' title="bbox 334 1966 1038 2043; baseline -0.003 -19"><span class='ocrx_word' id='word_1_74' title='bbox 334 1966 495 2037; x_wconf 89' lang='lat' dir='ltr'><strong>Tuentem‚</strong></span> <span class='ocrx_word' id='word_1_75' title='bbox 518 1966 557 2023; x_wconf 90' lang='lat' dir='ltr'><strong>ad</strong></span> <span class='ocrx_word' id='word_1_76' title='bbox 577 1967 657 2024; x_wconf 87' lang='lat' dir='ltr'><strong>altae</strong></span> <span class='ocrx_word' id='word_1_77' title='bbox 679 1968 780 2028; x_wconf 89' lang='lat' dir='ltr'><strong>lumen</strong></span> <span class='ocrx_word' id='word_1_78' title='bbox 804 1968 894 2043; x_wconf 88' lang='lat' dir='ltr'><strong>erigis</strong></span> <span class='ocrx_word' id='word_1_79' title='bbox 916 1968 1038 2024; x_wconf 83' lang='lat' dir='ltr'><strong>Musae:</strong></span> 
     </span>
    </p>
   </div>
   <div class='ocr_carea' id='block_1_5' title="bbox 249 2050 1068 2128">
    <p class='ocr_par' dir='ltr' id='par_1_5' title="bbox 249 2050 1068 2128">
     <span class='ocr_line' id='line_1_16' title="bbox 249 2050 1068 2128; baseline -0.001 -18"><span class='ocrx_word' id='word_1_80' title='bbox 249 2120 252 2125; x_wconf 22' lang='lat'>³</span> <span class='ocrx_word' id='word_1_81' title='bbox 272 2060 276 2069; x_wconf 92' lang='lat'><em>&#39;</em></span> <span class='ocrx_word' id='word_1_82' title='bbox 333 2051 377 2110; x_wconf 93' lang='lat' dir='ltr'><strong>Ut</strong></span> <span class='ocrx_word' id='word_1_83' title='bbox 398 2052 512 2127; x_wconf 85' lang='lat' dir='ltr'><strong>scripta</strong></span> <span class='ocrx_word' id='word_1_84' title='bbox 532 2061 639 2109; x_wconf 89' lang='lat' dir='ltr'><strong>nostra</strong></span> <span class='ocrx_word' id='word_1_85' title='bbox 657 2070 830 2128; x_wconf 85' lang='lat' dir='ltr'><strong>provocans</strong></span> <span class='ocrx_word' id='word_1_86' title='bbox 853 2052 913 2109; x_wconf 86' lang='lat' dir='ltr'><strong>tuis</strong></span> <span class='ocrx_word' id='word_1_87' title='bbox 935 2050 1068 2127; x_wconf 78' lang='lat' dir='ltr'><strong>scriptia,</strong></span> 
     </span>
    </p>
   </div>
   <div class='ocr_carea' id='block_1_6' title="bbox 291 2135 1154 3907">
    <p class='ocr_par' dir='ltr' id='par_1_6' title="bbox 333 2135 1037 2280">
     <span class='ocr_line' id='line_1_17' title="bbox 333 2135 1037 2212; baseline 0 -20"><span class='ocrx_word' id='word_1_88' title='bbox 333 2136 502 2192; x_wconf 87' lang='lat' dir='ltr'><strong>Inamoena</strong></span> <span class='ocrx_word' id='word_1_89' title='bbox 525 2135 637 2211; x_wconf 87' lang='lat' dir='ltr'><strong>scripta</strong></span> <span class='ocrx_word' id='word_1_90' title='bbox 659 2136 883 2195; x_wconf 82' lang='lat' dir='ltr'><strong>candidissimis</strong></span> <span class='ocrx_word' id='word_1_91' title='bbox 905 2136 1037 2212; x_wconf 81' lang='lat' dir='ltr'><strong>scriptis,</strong></span> 
     </span>
     <span class='ocr_line' id='line_1_18' title="bbox 335 2220 910 2280; baseline -0.003 -2"><span class='ocrx_word' id='word_1_92' title='bbox 335 2222 362 2278; x_wconf 87' lang='grc' dir='ltr'><strong>Α</strong></span> <span class='ocrx_word' id='word_1_93' title='bbox 386 2227 487 2277; x_wconf 89' lang='lat' dir='ltr'><strong>mente</strong></span> <span class='ocrx_word' id='word_1_94' title='bbox 510 2220 588 2279; x_wconf 89' lang='lat' dir='ltr'><strong>curis</strong></span> <span class='ocrx_word' id='word_1_95' title='bbox 613 2229 642 2278; x_wconf 93' lang='lat' dir='ltr'><strong>et</strong></span> <span class='ocrx_word' id='word_1_96' title='bbox 661 2222 784 2280; x_wconf 89' lang='lat' dir='ltr'><strong>silentio</strong></span> <span class='ocrx_word' id='word_1_97' title='bbox 809 2238 910 2279; x_wconf 83' lang='lat' dir='ltr'><strong>mersa</strong></span> 
     </span>
    </p>

    <p class='ocr_par' dir='ltr' id='par_1_7' title="bbox 334 2304 1062 2980">
     <span class='ocr_line' id='line_1_19' title="bbox 334 2304 1062 2382; baseline 0.001 -19"><span class='ocrx_word' id='word_1_98' title='bbox 334 2304 446 2364; x_wconf 88' lang='lat' dir='ltr'><strong>Molles</strong></span> <span class='ocrx_word' id='word_1_99' title='bbox 469 2323 623 2379; x_wconf 86' lang='lat' dir='ltr'><strong>camenas,</strong></span> <span class='ocrx_word' id='word_1_100' title='bbox 644 2306 737 2365; x_wconf 92' lang='lat' dir='ltr'><strong>molle</strong></span> <span class='ocrx_word' id='word_1_101' title='bbox 761 2324 881 2364; x_wconf 85' lang='lat' dir='ltr'><strong>carmen</strong></span> <span class='ocrx_word' id='word_1_102' title='bbox 904 2313 1062 2382; x_wconf 83' lang='lat' dir='ltr'><strong>expectes:</strong></span> 
     </span>
     <span class='ocr_line' id='line_1_20' title="bbox 335 2390 1019 2463; baseline 0 -14"><span class='ocrx_word' id='word_1_103' title='bbox 335 2391 405 2449; x_wconf 85' lang='lat' dir='ltr'><strong>Hoc</strong></span> <span class='ocrx_word' id='word_1_104' title='bbox 426 2390 511 2448; x_wconf 91' lang='lat' dir='ltr'><strong>licuit</strong></span> <span class='ocrx_word' id='word_1_105' title='bbox 532 2391 616 2463; x_wconf 77' lang='lat' dir='ltr'><strong>olim,</strong></span> <span class='ocrx_word' id='word_1_106' title='bbox 638 2410 705 2448; x_wconf 92' lang='lat' dir='ltr'><strong>cnm</strong></span> <span class='ocrx_word' id='word_1_107' title='bbox 727 2393 900 2450; x_wconf 86' lang='lat' dir='ltr'><strong>faventibus</strong></span> <span class='ocrx_word' id='word_1_108' title='bbox 922 2392 1019 2450; x_wconf 88' lang='lat' dir='ltr'><strong>Musis</strong></span> 
     </span>
     <span class='ocr_line' id='line_1_21' title="bbox 336 2474 1040 2553; baseline -0.003 -17"><span class='ocrx_word' id='word_1_109' title='bbox 336 2474 477 2536; x_wconf 86' lang='lat' dir='ltr'><strong>Secunda</strong></span> <span class='ocrx_word' id='word_1_110' title='bbox 499 2482 619 2534; x_wconf 89' lang='lat' dir='ltr'><strong>nostros</strong></span> <span class='ocrx_word' id='word_1_111' title='bbox 643 2496 717 2535; x_wconf 89' lang='lat' dir='ltr'><strong>aura</strong></span> <span class='ocrx_word' id='word_1_112' title='bbox 738 2487 911 2553; x_wconf 83' lang='lat' dir='ltr'><strong>temperans</strong></span> <span class='ocrx_word' id='word_1_113' title='bbox 935 2495 1040 2536; x_wconf 87' lang='lat' dir='ltr'><strong>cursus</strong></span> 
     </span>
     <span class='ocr_line' id='line_1_22' title="bbox 335 2560 976 2637; baseline 0 -18"><span class='ocrx_word' id='word_1_114' title='bbox 335 2562 405 2619; x_wconf 87' lang='lat' dir='ltr'><strong>Mea</strong></span> <span class='ocrx_word' id='word_1_115' title='bbox 428 2560 467 2617; x_wconf 91' lang='lat' dir='ltr'><strong>ad</strong></span> <span class='ocrx_word' id='word_1_116' title='bbox 484 2561 591 2618; x_wconf 88' lang='lat' dir='ltr'><strong>beatos</strong></span> <span class='ocrx_word' id='word_1_117' title='bbox 613 2563 682 2619; x_wconf 88' lang='lat' dir='ltr'><strong>vela</strong></span> <span class='ocrx_word' id='word_1_118' title='bbox 704 2564 836 2620; x_wconf 90' lang='lat' dir='ltr'><strong>mitteret</strong></span> <span class='ocrx_word' id='word_1_119' title='bbox 857 2568 976 2637; x_wconf 81' lang='lat' dir='ltr'><strong>portus,</strong></span> 
     </span>
     <span class='ocr_line' id='line_1_23' title="bbox 334 2646 932 2723; baseline 0 -20"><span class='ocrx_word' id='word_1_120' title='bbox 334 2646 458 2721; x_wconf 81' lang='lat' dir='ltr'><strong>Regens</strong></span> <span class='ocrx_word' id='word_1_121' title='bbox 482 2647 598 2704; x_wconf 87' lang='lat' dir='ltr'><strong>amicae</strong></span> <span class='ocrx_word' id='word_1_122' title='bbox 618 2648 703 2723; x_wconf 88' lang='lat' dir='ltr'><strong>pacis</strong></span> <span class='ocrx_word' id='word_1_123' title='bbox 725 2648 757 2705; x_wconf 93' lang='lat' dir='ltr'><strong>in</strong></span> <span class='ocrx_word' id='word_1_124' title='bbox 780 2647 848 2705; x_wconf 91' lang='lat' dir='ltr'><strong>sinu</strong></span> <span class='ocrx_word' id='word_1_125' title='bbox 869 2654 932 2704; x_wconf 92' lang='lat' dir='ltr'><strong>tuto</strong></span> 
     </span>
     <span class='ocr_line' id='line_1_24' title="bbox 335 2729 967 2791; baseline -0.003 -1"><span class='ocrx_word' id='word_1_126' title='bbox 335 2729 451 2790; x_wconf 85' lang='lat' dir='ltr'><strong>Studiis</strong></span> <span class='ocrx_word' id='word_1_127' title='bbox 473 2731 606 2789; x_wconf 85' lang='lat' dir='ltr'><strong>adultam</strong></span> <span class='ocrx_word' id='word_1_128' title='bbox 626 2733 803 2791; x_wconf 89' lang='lat' dir='ltr'><strong>liberalibus</strong></span> <span class='ocrx_word' id='word_1_129' title='bbox 827 2740 967 2790; x_wconf 90' lang='lat' dir='ltr'><strong>mentem.</strong></span> 
     </span>
     <span class='ocr_line' id='line_1_25' title="bbox 335 2815 1024 2893; baseline 0.001 -20"><span class='ocrx_word' id='word_1_130' title='bbox 335 2815 433 2889; x_wconf 82' lang='lat' dir='ltr'><strong>Quam</strong></span> <span class='ocrx_word' id='word_1_131' title='bbox 455 2816 534 2875; x_wconf 92' lang='lat' dir='ltr'><strong>lenis</strong></span> <span class='ocrx_word' id='word_1_132' title='bbox 557 2817 659 2890; x_wconf 81' lang='lat' dir='ltr'><strong>ardor,</strong></span> <span class='ocrx_word' id='word_1_133' title='bbox 681 2828 771 2893; x_wconf 87' lang='lat' dir='ltr'><strong>atque</strong></span> <span class='ocrx_word' id='word_1_134' title='bbox 793 2815 891 2876; x_wconf 89' lang='lat' dir='ltr'><strong>literis</strong></span> <span class='ocrx_word' id='word_1_135' title='bbox 912 2817 1024 2876; x_wconf 87' lang='lat' dir='ltr'><strong>florens</strong></span> 
     </span>
     <span class='ocr_line' id='line_1_26' title="bbox 334 2901 840 2980; baseline 0.002 -21"><span class='ocrx_word' id='word_1_136' title='bbox 334 2901 465 2978; x_wconf 87' lang='lat' dir='ltr'><strong>Ignobili</strong></span> <span class='ocrx_word' id='word_1_137' title='bbox 486 2902 612 2960; x_wconf 87' lang='lat' dir='ltr'><strong>fovebat</strong></span> <span class='ocrx_word' id='word_1_138' title='bbox 632 2904 689 2962; x_wconf 95' lang='lat' dir='ltr'><strong>otio</strong></span> <span class='ocrx_word' id='word_1_139' title='bbox 711 2905 840 2980; x_wconf 89' lang='lat' dir='ltr'><strong>primum</strong></span> 
     </span>
    </p>

    <p class='ocr_par' dir='ltr' id='par_1_8' title="bbox 334 2986 982 3060">
     <span class='ocr_line' id='line_1_27' title="bbox 334 2986 982 3060; baseline 0 -18"><span class='ocrx_word' id='word_1_140' title='bbox 334 2986 428 3060; x_wconf 79' lang='lat' dir='ltr'><strong>Quies</strong></span> <span class='ocrx_word' id='word_1_141' title='bbox 447 2987 594 3045; x_wconf 87' lang='lat' dir='ltr'><strong>bonarum</strong></span> <span class='ocrx_word' id='word_1_142' title='bbox 617 2989 718 3047; x_wconf 88' lang='lat' dir='ltr'><strong>mollis</strong></span> <span class='ocrx_word' id='word_1_143' title='bbox 739 2989 848 3046; x_wconf 89' lang='lat' dir='ltr'><strong>artium</strong></span> <span class='ocrx_word' id='word_1_144' title='bbox 872 2986 982 3056; x_wconf 80' lang='lat' dir='ltr'><strong>nutrix,</strong></span> 
     </span>
    </p>

    <p class='ocr_par' dir='ltr' id='par_1_9' title="bbox 291 3070 1049 3402">
     <span class='ocr_line' id='line_1_28' title="bbox 291 3070 1049 3149; baseline -0.007 -17"><span class='ocrx_word' id='word_1_145' title='bbox 291 3145 294 3148; x_wconf 8' lang='grc' dir='ltr'><strong><em>ἢ</em></strong></span> <span class='ocrx_word' id='word_1_146' title='bbox 336 3070 453 3132; x_wconf 87' lang='lat' dir='ltr'><strong>Serena</strong></span> <span class='ocrx_word' id='word_1_147' title='bbox 471 3091 585 3130; x_wconf 87' lang='lat' dir='ltr'><strong>vacuae</strong></span> <span class='ocrx_word' id='word_1_148' title='bbox 606 3075 728 3131; x_wconf 89' lang='lat' dir='ltr'><strong>flamma</strong></span> <span class='ocrx_word' id='word_1_149' title='bbox 753 3093 873 3149; x_wconf 87' lang='lat' dir='ltr'><strong>semper</strong></span> <span class='ocrx_word' id='word_1_150' title='bbox 891 3071 1049 3147; x_wconf 86' lang='lat' dir='ltr'><strong>aspirans:</strong></span> 
     </span>
     <span class='ocr_line' id='line_1_29' title="bbox 335 3156 1015 3233; baseline -0.003 -21"><span class='ocrx_word' id='word_1_151' title='bbox 335 3156 504 3231; x_wconf 88' lang='lat' dir='ltr'><strong>Postquam</strong></span> <span class='ocrx_word' id='word_1_152' title='bbox 526 3158 671 3233; x_wconf 89' lang='lat' dir='ltr'><strong>procellis</strong></span> <span class='ocrx_word' id='word_1_153' title='bbox 694 3176 771 3232; x_wconf 82' lang='lat' dir='ltr'><strong>eque</strong></span> <span class='ocrx_word' id='word_1_154' title='bbox 793 3157 903 3233; x_wconf 85' lang='lat' dir='ltr'><strong>triplici</strong></span> <span class='ocrx_word' id='word_1_155' title='bbox 925 3156 1015 3212; x_wconf 91' lang='lat' dir='ltr'><strong>fluctu</strong></span> 
     </span>
     <span class='ocr_line' id='line_1_30' title="bbox 335 3239 902 3314; baseline -0.004 -16"><span class='ocrx_word' id='word_1_156' title='bbox 335 3239 443 3298; x_wconf 83' lang='lat' dir='ltr'><strong>Civilis</strong></span> <span class='ocrx_word' id='word_1_157' title='bbox 467 3250 582 3314; x_wconf 82' lang='lat' dir='ltr'><strong>aestus,</strong></span> <span class='ocrx_word' id='word_1_158' title='bbox 606 3243 753 3301; x_wconf 85' lang='lat' dir='ltr'><strong>delicatus</strong></span> <span class='ocrx_word' id='word_1_159' title='bbox 778 3250 807 3298; x_wconf 92' lang='lat' dir='ltr'><strong>et</strong></span> <span class='ocrx_word' id='word_1_160' title='bbox 825 3241 902 3300; x_wconf 93' lang='lat' dir='ltr'><strong>liber</strong></span> 
     </span>
     <span class='ocr_line' id='line_1_31' title="bbox 335 3325 980 3402; baseline -0.005 -19"><span class='ocrx_word' id='word_1_161' title='bbox 335 3325 468 3400; x_wconf 86' lang='lat' dir='ltr'><strong>Excepit</strong></span> <span class='ocrx_word' id='word_1_162' title='bbox 486 3325 584 3383; x_wconf 86' lang='lat' dir='ltr'><strong>almae</strong></span> <span class='ocrx_word' id='word_1_163' title='bbox 606 3347 654 3385; x_wconf 91' lang='lat' dir='ltr'><strong>me</strong></span> <span class='ocrx_word' id='word_1_164' title='bbox 677 3327 836 3384; x_wconf 88' lang='lat' dir='ltr'><strong>Valentiae</strong></span> <span class='ocrx_word' id='word_1_165' title='bbox 850 3333 980 3402; x_wconf 89' lang='lat' dir='ltr'><strong>·portus;</strong></span> 
     </span>
    </p>

    <p class='ocr_par' dir='ltr' id='par_1_10' title="bbox 335 3407 1154 3907">
     <span class='ocr_line' id='line_1_32' title="bbox 335 3407 1154 3470; baseline -0.006 -2"><span class='ocrx_word' id='word_1_166' title='bbox 335 3409 379 3468; x_wconf 90' lang='lat' dir='ltr'><strong>Ut</strong></span> <span class='ocrx_word' id='word_1_167' title='bbox 396 3409 470 3468; x_wconf 91' lang='lat' dir='ltr'><strong>iuris</strong></span> <span class='ocrx_word' id='word_1_168' title='bbox 492 3412 555 3467; x_wconf 86' lang='lat' dir='ltr'><strong>acri</strong></span> <span class='ocrx_word' id='word_1_169' title='bbox 574 3421 679 3470; x_wconf 90' lang='lat' dir='ltr'><strong>sancta</strong></span> <span class='ocrx_word' id='word_1_170' title='bbox 699 3431 747 3469; x_wconf 92' lang='lat' dir='ltr'><strong>me</strong></span> <span class='ocrx_word' id='word_1_171' title='bbox 766 3411 892 3469; x_wconf 89' lang='lat' dir='ltr'><strong>Themis</strong></span> <span class='ocrx_word' id='word_1_172' title='bbox 915 3407 996 3467; x_wconf 88' lang='lat' dir='ltr'><strong>cultu</strong></span> <span class='ocrx_word' id='word_1_173' title='bbox 1099 3445 1106 3458; x_wconf 76' lang='lat'>·</span> <span class='ocrx_word' id='word_1_174' title='bbox 1150 3423 1154 3430; x_wconf 88' lang='grc'><em>·</em></span> 
     </span>
     <span class='ocr_line' id='line_1_33' title="bbox 336 3494 907 3574; baseline -0.002 -21"><span class='ocrx_word' id='word_1_175' title='bbox 336 3494 470 3553; x_wconf 84' lang='lat' dir='ltr'><strong>Artificis</strong></span> <span class='ocrx_word' id='word_1_176' title='bbox 491 3496 642 3572; x_wconf 86' lang='lat' dir='ltr'><strong>expoliret</strong></span> <span class='ocrx_word' id='word_1_177' title='bbox 659 3516 758 3574; x_wconf 89' lang='lat' dir='ltr'><strong>ungue</strong></span> <span class='ocrx_word' id='word_1_178' title='bbox 781 3494 907 3566; x_wconf 82' lang='lat' dir='ltr'><strong>Cuiacii‚</strong></span> 
     </span>
     <span class='ocr_line' id='line_1_34' title="bbox 336 3579 921 3656; baseline -0.002 -19"><span class='ocrx_word' id='word_1_179' title='bbox 336 3579 516 3656; x_wconf 85' lang='lat' dir='ltr'><strong>Inexpiatae</strong></span> <span class='ocrx_word' id='word_1_180' title='bbox 538 3589 613 3656; x_wconf 90' lang='lat' dir='ltr'><strong>post</strong></span> <span class='ocrx_word' id='word_1_181' title='bbox 635 3589 759 3639; x_wconf 88' lang='lat' dir='ltr'><strong>cruenta</strong></span> <span class='ocrx_word' id='word_1_182' title='bbox 777 3581 921 3638; x_wconf 88' lang='lat' dir='ltr'><strong>Bellonae</strong></span> 
     </span>
     <span class='ocr_line' id='line_1_35' title="bbox 336 3665 929 3742; baseline 0 -20"><span class='ocrx_word' id='word_1_183' title='bbox 336 3665 477 3742; x_wconf 78' lang='lat' dir='ltr'><strong>Pugnate</strong></span> <span class='ocrx_word' id='word_1_184' title='bbox 498 3665 582 3723; x_wconf 86' lang='lat' dir='ltr'><strong>caelo</strong></span> <span class='ocrx_word' id='word_1_185' title='bbox 608 3665 688 3723; x_wconf 89' lang='lat' dir='ltr'><strong>bella</strong></span> <span class='ocrx_word' id='word_1_186' title='bbox 706 3685 827 3742; x_wconf 89' lang='lat' dir='ltr'><strong>semper</strong></span> <span class='ocrx_word' id='word_1_187' title='bbox 843 3666 929 3723; x_wconf 89' lang='lat' dir='ltr'><strong>irato.</strong></span> 
     </span>
     <span class='ocr_line' id='line_1_36' title="bbox 335 3750 995 3827; baseline 0.005 -20"><span class='ocrx_word' id='word_1_188' title='bbox 335 3750 514 3808; x_wconf 85' lang='lat' dir='ltr'><strong>Tunetunc</strong></span> <span class='ocrx_word' id='word_1_189' title='bbox 535 3757 636 3826; x_wconf 87' lang='lat' dir='ltr'><strong>poeta,</strong></span> <span class='ocrx_word' id='word_1_190' title='bbox 657 3758 728 3808; x_wconf 88' lang='lat' dir='ltr'><strong>tunc</strong></span> <span class='ocrx_word' id='word_1_191' title='bbox 749 3751 888 3827; x_wconf 75' lang='lat' dir='ltr'><strong>Apollini</strong></span> <span class='ocrx_word' id='word_1_192' title='bbox 909 3769 995 3810; x_wconf 88' lang='lat' dir='ltr'><strong>carus</strong></span> 
     </span>
     <span class='ocr_line' id='line_1_37' title="bbox 335 3834 953 3907; baseline 0.002 -14"><span class='ocrx_word' id='word_1_193' title='bbox 335 3835 424 3906; x_wconf 84' lang='lat' dir='ltr'><strong>Vixi3</strong></span> <span class='ocrx_word' id='word_1_194' title='bbox 442 3834 584 3895; x_wconf 85' lang='lat' dir='ltr'><strong>Camenis</strong></span> <span class='ocrx_word' id='word_1_195' title='bbox 608 3843 678 3892; x_wconf 88' lang='lat' dir='ltr'><strong>tunc</strong></span> <span class='ocrx_word' id='word_1_196' title='bbox 700 3836 815 3896; x_wconf 81' lang='lat' dir='ltr'><strong>amicus</strong></span> <span class='ocrx_word' id='word_1_197' title='bbox 838 3835 953 3907; x_wconf 83' lang='lat' dir='ltr'><strong>audivi3</strong></span> 
     </span>
    </p>
   </div>
   <div class='ocr_carea' id='block_1_7' title="bbox 0 0 1504 4725">
    <p class='ocr_par' dir='ltr' id='par_1_11' title="bbox 0 0 1504 4725">
     <span class='ocr_line' id='line_1_38' title="bbox 0 0 1504 4725; baseline 0 0"><span class='ocrx_word' id='word_1_198' title='bbox 0 0 1504 4725; x_wconf 95' lang='lat' dir='ltr'><strong> </strong></span> 
     </span>
    </p>
   </div>
  </div>
 </body>
</html>
