3000 4725
767 620 918 718 -όβθ-

385 784 471 858 9,83.
496 785 560 844 σεῖο
575 790 778 866 κυνηγετικῶν
791 785 835 848 ἐνὶ
845 785 995 867 θαύμασι,
1006 781 1143 869 Καῖσαρ,
1158 785 1279 869 ἀγόνων,

427 867 458 928 οἳ
480 865 561 928 καλὰ
583 872 689 932 νικῶσι
709 873 769 932 τῶν
790 871 858 950 πρὶν
882 869 984 934 ἄεθλα
1005 892 1027 932 π
1049 868 1149 952 όμων,

385 949 482 1016 οίίατα
504 949 559 1031 μέν
584 953 766 1031 σοι’πουλὺ,
790 953 886 1017 πλέον
908 953 939 1017 δ’
960 951 1004 1015 ἔτι
1024 952 1145 1036 ομματ’
1168 954 1279 1039 ὀφείλει,

428 1035 520 1102 αὐτὸς
542 1033 590 1098 ὅτ’
612 1037 766 1122 αὐτόπτης
789 1038 867 1102 ἐστὶν
891 1038 907 1101 ό
929 1039 981 1100 καὶ
1000 1038 1135 1102 λαλέων.

387 1207 488 1279 11‚33.
501 1201 1279 1290 όΠροίσινοςμάλαπυκνάδεδουπότοςἆθλαΝέριικοτ

427 1288 549 1372 σ’ίρνυτο,
573 1290 695 1372 νικητὴτ
711 1291 845 1353 πολλάκι
867 1291 960 1360 κῦδος
984 1289 1075 1352 ἑλών.

385 1371 477 1456 βάσκ’
500 1370 544 1435 ίθι
564 1374 724 1457 βασκανίη,
744 1373 822 1443 εἶξαι
844 1374 973 1458 ψεύδοιο
994 1370 1126 1457 Νέρωνι.

427 1456 488 1541 οὐχ
513 1459 528 1520 ό
550 1455 659 1541 Νέρων
682 1458 796 1541 νίκησ’,
818 1457 894 1522 ἀλλ)
919 1460 937 1520 ό
957 1456 1051 1540 μόνος
1073 1455 1230 1541 Πράσινος.

384 1627 412 1701 9,
421 1629 471 1688 38.
495 1626 523 1687 εί
542 1627 593 1688 καὶ
606 1627 705 1688 πάντα
715 1626 808 1711 κόβον
825 1625 938 1710 ῥίπτειν
955 1623 996 1700 ε’,
1012 1625 1170 1707 Ἀγαθῖνο,
1181 1627 1278 1710 δεήσει

426 1710 463 1772 οὐ
486 1709 588 1793 τεόξη,
610 1707 723 1792 πέλτην
746 1713 826 1773 ὥστε
850 1711 897 1772 σοὶ
918 1710 1085 1772 ἐκπεσέειν.

384 1794 541 1877 ἑσπομένη
566 1793 688 1857 ἀέκοντι
709 1795 895 1862 παλίσσυτος
915 1794 974 1865 ίζει
996 1793 1050 1856 ἐπ’
1074 1794 1170 1878 ἀκρον

426 1879 573 1962 ἢποδὸτ,
594 1879 613 1961 ἢ
638 1879 757 1953 νώτοι’,
781 1878 873 1953 ίξόος,
895 1879 914 1960 ἢ
939 1877 1061 1962 ὄνυχος.

382 1962 418 2046 ἣν
439 1963 491 2026 καὶ
514 1963 638 2030 όλισθος
662 1959 720 2048 ἔχη
741 1961 882 2044 θυμέλην
905 1962 1061 2045 ῥανίδεσοι
1079 1960 1212 2048 κρόκοιο,

423 2047 460 2130 ἢν
485 2049 536 2110 καὶ
557 2047 713 2130 ἀνειλίσση
736 2047 790 2115 τάς
813 2045 927 2114 ὀθόνας
949 2045 1073 2129 ἄνεμος.

382 2136 441 2193 τῶν
467 2130 586 2214 μελέων
609 2132 780 2215 ἀμερίμνου
805 2131 970 2194 ἐπέσσυται
989 2132 1167 2214 ἀπρονοητί.

426 2215 492 2278 οὔτ’
513 2215 618 2299 ἀνέμῳ
638 2216 768 2298 παίκτης
790 2216 965 2299 βλάπτεται,
989 2215 1061 2278 οὔτε
1087 2214 1199 2299 κρόκῳ.
1313 2214 1314 2237 ί

382 2302 480 2363 πάντα
500 2305 608 2376 ποιῶν,
630 2299 783 2381 Ἀγαθῖκ,
806 2297 848 2361 ἵν’
868 2300 1018 2385 ἁμάρτης,
1041 2299 1098 2364 οὐκ
1122 2300 1276 2386 ἀτυχήσεις.

423 2383 533 2470 τέχνης
552 2386 608 2460 δεῖ,
628 2384 741 2469 πέλτην
761 2387 842 2449 ὥστε
864 2386 912 2447 σοὶ
937 2384 1106 2449 ἐκπεσέειν.

386 2557 434 2631 13,
448 2557 517 2617 100.
527 2556 632 2637 θοόρις
642 2555 857 2639 όδοντομάχου
870 2554 951 2638 θήρη
961 2553 1131 2638 ἐλέφαντος
1143 2551 1276 2639 ἀφείσθω.

424 2640 518 2709 καλός
541 2640 751 2723 (ἀφαιρείσθω
773 2642 857 2718 λίνα)
874 2639 1003 2721 πάρεστ’
1030 2637 1168 2721 όναχρος.

385 2810 491 2882 13,95.
512 2812 648 2892 πρωϊνοῦ
665 2808 721 2871 οὐκ
737 2809 899 2893 ἐλάχιστον
908 2805 988 2891 όρυὶ
1002 2804 1147 2890 θνόμευμα
1163 2805 1275 2889 θεάτρου

423 2893 547 2955 πόσεων
573 2894 624 2975 μοὶ
645 2894 805 2956 σκυλάκων
829 2891 925 2960 αἴτιος
948 2891 1010 2953 ἐστὶ
1034 2889 1150 2973 φόνους

384 3065 447 3137 1,1.
463 3059 561 3129 Γνοὺς
582 3060 617 3123 εὖ
639 3062 763 3144 γελοίης
784 3061 837 3142 τὴν
856 3061 1024 3142 πανήγυριν
1048 3060 1193 3145 Φλώρης,
1314 3059 1315 3110 ί

462 3147 577 3229 τρυφήν
598 3145 637 3225 ,θ’
662 3146 781 3229 ἑορτῆς,
801 3146 905 3207 καὶτὸ
929 3145 1072 3225 δημοτῶν
1094 3150 1226 3229 στρῆνος,

463 3235 530 3299 πῶς
551 3232 594 3298 είς
615 3229 745 3313 θέατρον
769 3228 901 3314 εἰσέβης,
922 3225 1034 3292 Κάτων
1055 3228 1167 3311 σεμνός

464 3320 529 3396 μῶν
554 3314 610 3377 οὐκ
635 3313 709 3398 ἔβης
731 3314 774 3376 δί’
797 3312 888 3387 ἄλλο,
909 3312 988 3394 πλὴν
1012 3311 1055 3374 ἵν’
1078 3313 1222 3397 ἐξέλθῃς
1314 3307 1315 3346 3

730 3528 737 3543 .
782 3479 846 3547 ΕΙΣ
870 3480 962 3545 ΖΩΑ.

379 3568 465 3641 4,32.
489 3566 540 3630 καὶ
563 3566 650 3644 λάθε,
671 3483 727 3629 καέ
746 3567 911 3650 στιλβουσα
930 3566 974 3627 δί’
988 3565 1149 3649 ἠλέκτροιο
1163 3564 1274 3649 μέλισσα

422 3651 572 3735 φαίνεται,
593 3654 636 3718 ὡς
657 3651 724 3734 ἰδίῳ
749 3649 937 3735 σφιγγομένη
963 3648 1101 3735 σχαδόνι.

379 3740 460 3797 τοῖον
484 3735 652 3799 τοσσατίων
675 3732 768 3818 γέρας
791 3732 924 3818 ἔλλαχεν
948 3733 1031 3803 ἄξιον
1056 3730 1165 3819 ἔργων,

422 3820 473 3882 οία
494 3820 676 3903 προαιρεσίη
700 3823 807 3881 τοῦτον
831 3819 948 3883 ἑλοῦσα
972 3817 1077 3903 μόρον.
