3000 4725
832 597 891 656 182

531 749 625 812 τάσδε
648 757 715 836 μετ’
739 757 893 842 οὐρανίων
910 759 1076 847 Ῥωμύλος
1095 767 1237 832 ἐσθίεται.

406 833 455 906 13,
465 833 516 894 57.
530 828 697 904 Νειλιακοῦ
719 844 859 928 λαχάνου
878 850 1018 930 γελάσεις
1038 851 1173 934 ἐριώδεα
1190 852 1296 938 ρυομόν,

531 919 681 992 είλικτοδς
702 925 802 991 ἕλκων
825 933 929 1014 χερσὶν
954 934 1027 1004 δδάξ
1052 959 1086 997 τε
1110 938 1221 1019 μίτους.

404 1001 454 1073 13,
465 1001 515 1062 18.
531 1001 658 1088 εὐχερὲς
667 1010 813 1095 ἀργυρίου
823 1016 976 1098 χροσοότ’
992 1019 1076 1102 ἐρίου
1087 1043 1120 1082 τε
1135 1023 1185 1084 καὶ
1193 1021 1295 1096 ἔσθοις,

530 1093 591 1148 τῶν
617 1091 652 1154 δὲ
673 1097 816 1178 μυκήτων
841 1098 880 1162 αὖ
905 1101 1053 1210 δυσχερές
1075 1105 1141 1167 ἐστι
1164 1105 1248 1189 δόμα

404 1169 452 1240 13,
463 1169 514 1229 31·
528 1177 622 1254 γραῦν
634 1178 688 1260 μὲν
704 1177 786 1264 ἔχων
798 1185 943 1268 γαμετὴν,
955 1209 992 1249 τα
1006 1187 1083 1272 μέρη
1099 1189 1127 1252 δ’
1139 1191 1197 1254 ὑπὸ
1209 1190 1294 1336 γαρτρὶ

1109 1296 1162 1336 νεκ
1184 1300 1208 1337 ω
1229 1297 1266 1341 εις

528 1341 624 1426 μηδὲν
642 1343 737 1430 ἔχοις,
755 1348 877 1436 βόλβων
888 1355 956 1436 πρὶν
969 1297 1260 1438 κορέσασθαιῗάκος.
1308 1416 1309 1433 ,

403 1420 504 1494 1336·
516 1423 576 1490 οὖα
591 1428 645 1510 μὲν
660 1430 751 1513 ἐσμὲν
766 1433 858 1519 ὑγρῆς
869 1440 999 1520 γαστρὸς
1015 1443 1217 1525 οκλήρυντρον
1229 1444 1292 1506 ὀτίι-
1308 1480 1309 1483 =

526 1512 612 1574 παιδὶ
634 1514 669 1576 δὲ
684 1519 802 1598 μᾶλλον
817 1520 917 1598 δοῦρ’,
934 1521 973 1607 ἠέ
989 1547 1049 1602 σοι,
1062 1525 1205 1610 άρμοδίη.
1245 1531 1293 1608 [ρο

402 1586 511 1661 13,27·
549 1601 709 1682 ρυοοχρὼς
724 1600 841 1666 δίδοται
860 1608 1052 1688 καροιοτλςέν
1065 1609 1161 1692 ήματι
1176 1614 1275 1694 πρώτῳ
1308 1690 1309 1693 ¹

521 1617 633 1744 θάνου.
659 1683 758 1767 δῶρον
783 1688 870 1770 ὅμως
891 1690 964 1754 αιἰτδ
989 1690 1119 1775 πένητος
1140 1693 1209 1779 ἔφυ.
1308 1740 1309 1749 ·

401 1756 450 1828 11,
464 1756 512 1816 18·
526 1769 585 1826 τῶν
604 1767 727 1850 καρύων
744 1773 799 1854 μὲν
812 1772 938 1857 άθυρμα
957 1778 1061 1859 μικρὸν
1079 1780 1242 1861 δαπάνημα
1253 1799 1291 1840 κα-

527 1847 607 1911 ἀλλὰ
621 1851 709 1935 θαμὰ
720 1859 858 1935 γλουτῶν
869 1859 976 1922 παιδία
986 1863 1166 1946 νοσφίσατο,
1189 1867 1291 1942 [λεῖται
1308 1928 1309 1939 γ

400 1925 510 1998 13,25·
525 1936 599 2016 τῆλε
620 1938 726 2020 σοβοῦ,
747 1943 914 2025 παροδῖτα,
929 1940 1025 2028 Ῥέης
1043 1947 1213 2030 ἀκρόδρυον
1235 1945 1309 2026 εἰμἰί

525 2015 609 2102 ὄφρα
634 2021 674 2103 μὴ
699 2023 742 2093 εἰς
765 2025 904 2110 σχέτλιον
927 2033 1024 2110 κρᾶτα
1043 2030 1170 2114 πέσοιμι
1191 2031 1261 2094 τεόν.
1308 2058 1309 2119 γ

401 2093 448 2166 13,
459 2094 509 2154 36·
524 2099 660 2184 Πικηνοῦ
682 2114 842 2192 τριπτῆρος
865 2112 1114 2195 ὑπεκκλεφθέῖοα
1133 2118 1184 2179 καὶ
1205 2114 1268 2200 &pf
1308 2130 1309 2135 ’

523 2185 543 2268 ή
570 2185 648 2250 ἐλάα
670 2190 772 2262 δαιτὸς
796 2196 846 2257 καὶ
868 2195 956 2264 τέλος
977 2197 1053 2281 αὐτή
1078 2199 1148 2282 ἔφυ.

399 2262 447 2335 13,
459 2262 509 2322 24·
525 2269 552 2330 εἰ
575 2272 672 2351 μέλιτι
694 2277 849 2359 μεθύοντα
866 2281 1002 2344 κυδώνια
1026 2285 1070 2351 τὶς
1091 2284 1241 2369 παραθείη

526 2353 575 2425 σοί
594 2379 678 2434 ποτε,
701 2367 797 2427 ταῦτα
817 2368 922 2429 καλεῖν
946 2368 995 2429 σοὶ
1019 2370 1175 2451 μελίμηλα
1195 2367 1277 2449 θέμις·

398 2432 446 2506 13,
458 2432 508 2494 22.
524 2438 586 2520 εἰμὶ
603 2442 657 2524 μὲν
672 2448 708 2510 οὐ
721 2450 839 2532 χρηστὴ
857 2450 994 2527 κυάθοις,
1004 2452 1069 2517 οὔτ’
1086 2450 1285 2532 εὔθετοςοίνιμ

487 2546 491 2597 j
524 2522 570 2603 οίι
584 2526 700 2592 πίνοντέ
720 2535 756 2613 μ’
780 2534 866 2617 ὅμως
885 2534 949 2616 εἰμί
969 2558 1019 2599 σοι
1037 2536 1125 2620 εἶδαρ
1149 2538 1193 2601 ἐΰ.

398 2602 445 2674 13,
457 2602 507 2663 23.
522 2609 667 2694 γήραλέιμ
686 2612 804 2702 Βάκχῳ
826 2618 944 2703 Σητίνιρ
966 2618 1044 2684 Χῖον
1069 2621 1171 2690 ἐοικὸς

489 2756 492 2765 ,
523 2696 625 2770 σῦκον,
648 2697 779 2782 ἄκρατον
801 2704 880 2785 ὁμοῦ
901 2706 953 2767 καὶ
973 2704 1053 2773 ἅλας
1071 2706 1132 2787 ήδδ
1155 2705 1245 2791 φέρει.

435 2772 506 2844 ,ἳθ
520 2780 616 2841 ταῦτά
645 2804 694 2845 σοι
721 2784 740 2847 ἃ
770 2787 892 2869 σπυρίδι
920 2790 1141 2874 κορυφοόμενα
1172 2788 1283 2854 κόττανα

519 2858 648 2942 ἤλυθον,
660 2866 734 2930 ε’ίτοι
745 2868 798 2953 έήν
811 2871 947 2953 μείζονα,
959 2878 1050 2937 σῦκον
1062 2872 1097 2936 ἂν
1106 2873 1155 2957 ἧν.
1177 2871 1283 2953 [πλεκτή

395 2940 503 3013 13,18·
520 2945 689 3031 βρομῶδες
710 2955 744 3023 τὸ
766 2955 909 3039 τρίχωμα
932 2955 1125 3041 Ταρεντίνοιο
1146 2958 1263 3044 πράσοιθ

520 3033 547 3093 εἰ
572 3030 696 3117 έιραγες,
717 3039 841 3107 κλείσας
865 3042 898 3102 τὸ
924 3041 1024 3124 στόμα
1045 3047 1138 3105 κῦσον
1161 3040 1222 3124 ἐμέ.

414 3110 470 3183 3,1
498 3114 614 3185 ·άλοος
632 3117 785 3203 Ἀρικῖνον
804 3124 910 3206 πράσα
928 3128 1074 3209 τιμήεντα
1096 3127 1211 3191 δίδωσι.
1308 3143 1309 3148 ’

447 3195 451 3205 ’
519 3202 628 3265 λευκὸν
654 3204 713 3285 ὅρα
735 3206 870 3291 χλοερᾶς
884 3211 999 3273 καυλὸν
1023 3208 1137 3295 ἔχοντα
1157 3209 1253 3292 κόμας·

393 3277 441 3351 13,
451 3280 535 3367 37.ή
557 3281 753 3371 Κορκυραίου
776 3292 851 3353 τάδε
872 3296 999 3357 κλωνῶν
1022 3294 1059 3377 ἧν
1078 3295 1144 3358 ἀπὸ
1167 3296 1264 3376 κήπου·

517 3370 536 3451 ἢ
561 3370 612 3431 καὶ
631 3370 803 3439 Μαοσύλου
827 3380 911 3459 μῆλα
931 3379 1096 3462 δράκοντος
1118 3378 1182 3463 ἔην.

392 3448 442 3523 13,
453 3448 503 3509 29·
518 3452 554 3515 τὰ
578 3454 710 3540 βράβιλα
732 3460 820 3543 ξείνῳ
840 3461 1012 3543 ρυτιδώδεα
1030 3465 1124 3547 γήραϊ
1143 3463 1223 3533 δέξαι
1308 3501 1309 3516 ι

436 3598 439 3607 ,
520 3539 652 3620 σκληρὰς
673 3543 863 3626 μαλθάσσειν
882 3546 1033 3629 γαστέρας
1052 3546 1195 3631 ἁρμόδια.
1263 3624 1270 3644 Ι

392 3618 523 3691 13,104.
539 3623 588 3685 σοὶ
604 3622 676 3689 τόδε
692 3626 827 3709 Θησείου
844 3632 1070 3715 προνομεότρια
1083 3626 1279 3717 πέμψενὙμΤι

517 3702 682 3779 Παλλάδος
693 3710 726 3773 ἐκ
737 3712 876 3823 ξυλόχων
887 3716 946 3797 ήδδ
958 3717 1089 3797 μέλισσα
1098 3718 1196 3799 γάνος·
1215 3718 1278 3792 [1³ou

390 3788 522 3862 13,105.
538 3790 565 3853 εἰ
578 3790 663 3877 δοίης
675 3794 822 3867 Σικελοὺς
841 3797 1031 3883 Υβληςψάπο,
1052 3800 1163 3863 τούσδε
1174 3794 1279 3874 καλοίγι
