3000 4725
603 611 756 706 ..Q-

235 771 312 846 Ἑνδς
329 773 479 862 χανόντος
501 775 552 858 δὴ,
574 775 688 861 κέχηνε
698 774 848 880 χᾶτερος.

237 858 431 945 ἘΕηπάτ-ησεν
451 861 470 942 ἡ
491 860 602 946 χάραξι
614 861 668 944 τὴν
691 861 841 944 αμπελον.

235 942 303 1014 ἜΕω
326 945 433 1031 βλέπει
451 944 489 1008 τὰ
508 944 611 1008 πολλὰ
634 945 708 1030 βοῦς
730 942 900 1027 ἀλλότριος.

234 1027 323 1093 Ἕοικε
342 1034 436 1093 τοῖσιν
459 1029 494 1092 ἐκ
516 1027 621 1092 Πύλου
643 1028 843 1096 Λακωνικοῖς.

237 1111 294 1178 Ἐπὶ
310 1120 349 1198 τῇ
375 1115 520 1199 μαχαίρφ
535 1117 651 1197 μεῖζον,
679 1113 699 1198 ῆ
723 1111 857 1195 Πηλεύς,
879 1114 996 1195 φρονεῖ.

235 1195 441 1283 Ἐπιφολλίδες
461 1197 548 1262 ταῦτ’
572 1197 637 1262 ἔστι
657 1199 710 1262 καὶ
733 1195 953 1280 στωμύλματα.

235 1279 348 1366 ΈπτηΕ’
366 1281 507 1367 ἀλέκτωρ
530 1284 574 1352 ῶς
594 1305 648 1360 τις,
672 1281 810 1350 ἐκκλίνας
831 1278 951 1363 πτερόν.

234 1364 314 1450 Ἐρᾷν
335 1368 371 1431 δὲ
393 1370 536 1452 φανερῶς
556 1369 682 1431 κάλλιον
705 1371 761 1430 τοῦ
782 1364 928 1448 λαθρίως.

234 1447 327 1532 Ἕρδοι
347 1475 391 1520 τις
412 1453 450 1536 ῆν
472 1452 601 1520 ἕκαστος
624 1451 719 1534 εἰδείη
741 1449 862 1535 τέχνην.

235 1531 464 1621 Ἐρεσχελοῶσιν
488 1537 519 1600 αἱ
540 1540 676 1621 κορῶναι
699 1534 799 1598 ἀετύν.

230 1613 371 1704 Ἕστηκας
395 1622 486 1683 εἰκὼν
511 1621 546 1685 ἐκ
563 1625 691 1706 γραφῆς
713 1619 745 1682 ἓν
770 1615 865 1703 σχῆμ’
892 1613 984 1699 ἔχων.

231 1700 306 1766 Ἔστι
327 1705 359 1768 δ’
387 1706 502 1789 ἀνάγκη
525 1705 623 1790 χρῆμ’
646 1705 771 1789 ἄμαχον
792 1704 844 1766 καὶ
864 1705 928 1767 τοῖς
944 1700 1040 1768 θεοῖς.

232 1783 306 1851 Ἔστι
327 1791 414 1872 δίκης
435 1791 608 1874 ὀφθαλμὸς,
632 1789 713 1858 ὅστις
733 1788 830 1850 πάνθ’
858 1781 928 1868 ὁρᾷ.

232 1868 321 1936 Ἔστω
341 1875 377 1936 δὲ
396 1870 517 1956 ταμίας,
533 1873 632 1938 τοῖλλα
656 1876 687 1937 δΙ
712 1875 739 1936 εἰ
760 1871 878 1956 βούλει,
897 1870 991 1932 κύων.

236 1951 273 2018 Εὖ
295 1959 435 2042 κείμενον
460 1959 495 2021 δὲ
516 1960 549 2022 τδ
570 1959 664 2022 κακδν
687 1958 723 2020 οὐ
744 1953 894 2038 κινητέον.

236 2035 274 2102 Εύ
295 2043 387 2120 οἶδεν,
412 2043 509 2128 ἅσπερ
534 2041 657 2128 ἔφυγεν,
673 2039 834 2126 Εὐκράτης
855 2037 957 2106 ὁδούς·
1004 2106 1008 2119 „

236 2119 525 2212 Εύμεταβολώτερος
546 2127 774 2212 χαμαιλέοντος
796 2125 834 2186 εί.

235 2203 331 2274 Εύνοι’
355 2211 484 2295 ἄκαιρος
505 2213 595 2276 οὐδὲν
619 2211 678 2297 έχθ
700 2234 736 2280 ας
758 2208 910 2295 διαφέρει.

234 2288 302 2394 :Eqs
322 2297 414 2361 αύτδν
436 2297 548 2377 ἕλκων,
570 2299 651 2361 ὥστε
676 2235 808 2364 Kanum
829 2292 935 2377 νέφος.

242 2374 302 2463 Ἐφ’
322 2382 412 2445 αὑτὸν
437 2382 547 2459 ἕλκων,
570 2385 649 2445 ὥστε
673 2381 827 2464 Μαγνῆτις
849 2377 944 2445 λίθος.

233 2456 370 2550 Ἐχθροῖς
391 2467 534 2530 ἀποσπῶν
559 2466 673 2551 μήποτ’
696 2466 734 2530 ἂν.
755 2464 868 2531 πάθοις
893 2462 1021 2547 βλάβην.

255 2550 328 2631 ῆλος
346 2553 488 2632 γοναικδς
504 2554 603 2617 πάντα
624 2554 780 2635 πυρπολεῖ
798 2549 905 2631 δύμον.

235 2627 333 2714 Ζητῶν
353 2636 411 2721 γὰρ
434 2635 510 2721 ὄψον
535 2637 694 2719 θοιμάτιον
718 2637 878 2699 ἀπώλεσα.

236 2711 337 2799 Ζῶμεν
359 2720 428 2804 γὰρ,
453 2720 513 2805 οὐχ
529 2724 572 2790 ῶς
594 2722 740 2805 θέλομεν,
772 2719 841 2782 ἀλλ’
863 2720 906 2784 ῶς
928 2715 1100 2798 δυναίμεθα.

236 2795 317 2871 Ζωὸς
334 2808 449 2889 γενήσῃ
473 2806 634 2889 κρομμύου
659 2804 751 2889 μόνον
775 2803 889 2887 λαβών.

235 2879 268 2947 Ἡ
289 2886 377 2969 ἄγνος
396 2890 495 2968 ἀνθεῖ,
516 2892 604 2953 καὶὸ
626 2889 735 2974 βύτρυς
754 2886 944 2950 πεπαίνεται.

190 3034 192 3041 ,
234 2964 266 3067 tH
289 2972 337 3035 δεῖ
352 2976 494 3058 χελώνης
512 2972 588 3057 κρέα
613 2978 734 3057 φαγεῖν,
757 2974 778 3055 ῆ
802 2971 843 3053 μῆ
867 2970 987 3054 φαγεῖν.

244 3048 399 3136 Ηγλῶσσ’
424 3058 645 3141 ἁμαρτάνουσα
667 3058 788 3140 τάληθῆ
812 3053 904 3137 λέγει.

231 3130 267 3236 ἶΗ
289 3144 341 3224 ζῆν
361 3142 497 3219 ἀλύπως,
519 3144 539 3225 ἢ
563 3144 669 3206 θανεῖν
693 3140 896 3225 εὐδαιμόνως.

245 3216 269 3285 Η
288 3226 386 3288 κοιλία
410 3227 445 3289 δὲ
468 3226 571 3290 πολλὰ
589 3232 691 3312 χωρεῖ
710 3226 835 3307 κῶλίγα.

234 3300 268 3368 Ἡ
289 3309 341 3389 μὲν
360 3310 435 3378 θεὸς
458 3311 608 3397 ύπέβαλλ’
632 3312 712 3395 ἐμοὶ,
730 3312 857 3395 ἧρπασα
879 3308 907 3370 δ’
931 3306 1002 3389 ἐγώ.

233 3384 268 3489 :H
288 3391 505 3499 m'vtelvtsvem
528 3398 548 3479 ἢ
570 3397 639 3480 τρί,
653 3398 679 3500 γῆ
704 3396 745 3479 μὴ
766 3394 905 3499 τέτταρα.

234 3481 540 3649 Ἦτύῖιοῖέθνθγθιεθῗῐῆὰ
552 3480 913 3649 δτύθθίθυύίεριαθγρθύγέγύθιτταε.οἱ

233 3635 271 3703 Ἢ
286 3648 342 3729 χρὴ
363 3651 521 3754 τραγῳδφῑν
544 3650 668 3752 πάντας,
683 3650 711 3757 γῆ
737 3649 943 3759 μελαγχοῆᾷν.

235 3733 841 3902 Ἧιὲἰῖῆῖλῖῖῖηλῗῶῆῖηῖθέῖῶῖ
860 3735 961 3815 ‘⁰³⁰⁶‘
