3000 4725
737 618 889 713 —2—7-0—

396 786 470 847 Nou
496 787 598 861 alium,
618 806 708 862 quam
729 808 789 862 me,
814 789 904 848 docta
925 788 1027 861 ferire,
1048 808 1164 866 precor.

354 870 409 935 sin
430 873 555 945 morior,
576 881 671 932 testes
693 893 731 931 cu
750 874 828 933 istas
850 874 954 949 linquo
976 874 1097 933 lituras:

398 958 550 1033 Quantum
572 958 723 1016 homicida
742 967 857 1036 potest,
880 958 994 1036 aspicis
1017 959 1142 1037 hospes,
1168 964 1262 1019 Amor.
1321 960 1322 1013 i

355 1126 451 1202 ((28)
612 1118 650 1184 Ei
674 1122 800 1207 φιλέεις,
821 1124 862 1205 μὴ
886 1124 1025 1205 πάμπαν.

354 1211 502 1287 Quisquis
524 1229 621 1283 amas,
642 1230 716 1269 cave
739 1212 782 1270 sis
805 1211 921 1269 deiecto
943 1222 1064 1289 pectore
1084 1213 1210 1286 fractus,
1240 1234 1243 1241 ’
1321 1204 1322 1219 ’

397 1294 592 1373 supplicibus
614 1295 719 1355 solvas
739 1296 851 1355 flebilis
875 1316 930 1355 ora
951 1296 1057 1357 modis.

353 1381 509 1457 Propositi
529 1380 621 1439 solidi
642 1381 698 1438 tibi
716 1400 787 1438 cura
811 1383 860 1453 sit,
881 1389 910 1438 et
929 1382 984 1439 tibi
1007 1391 1147 1442 constent

395 1466 528 1524 Lumina
553 1473 709 1524 contracto
732 1484 824 1541 parca
849 1467 1020 1543 supercilio.

353 1550 436 1609 Nam
459 1551 548 1608 nimis
572 1550 667 1608 elatos
689 1552 856 1609 contemnit
877 1552 1009 1609 foemina
1031 1551 1139 1623 fastus,

396 1637 436 1693 Et
456 1636 547 1693 nimis
569 1635 718 1694 abiectum
740 1636 820 1693 ridet
840 1636 936 1693 amica
959 1636 1065 1693 virum.

352 1721 411 1779 Ille
435 1722 549 1798 peritus
570 1721 636 1792 crit,
658 1721 828 1796 quicunque
849 1722 925 1779 haec
945 1722 1063 1793 miscet,
1083 1728 1215 1779 amator:

394 1806 435 1865 Et
454 1805 575 1864 modico
597 1805 629 1862 in
651 1805 732 1863 fastu
748 1797 882 1880 ¹pectora
903 1806 1000 1864 fracta
1015 1805 1107 1883 'gerit

355 1974 449 2051 ζθθ)
547 1968 689 2052 Χρύσεος
709 1969 880 2052 ripariorum
906 1969 1075 2051 διέτμαγεν.

353 2062 473 2119 Aureus
496 2058 602 2116 intacti
623 2058 783 2120 temeravit
805 2057 906 2116 vincla
923 2058 1045 2133 pudoris

395 2143 522 2219 Iupiter,
543 2150 577 2200 ut
597 2143 722 2202 Danaes
745 2162 835 2201 aerea
859 2151 939 2201 tecta
962 2144 1052 2202 subit,

353 2228 471 2287 Fabula
490 2228 535 2286 sic
552 2228 695 2304 loquitur,
720 2248 769 2285 me
789 2228 896 2285 iudice.
917 2228 1031 2286 Ferrea
1054 2235 1142 2303 septa

397 2312 600 2388 Omnipotens
621 2332 738 2387 aurum,
759 2314 891 2388 duraque
915 2312 1015 2372 vincla
1039 2312 1152 2372 domat.

353 2397 420 2457 Hoc
442 2399 501 2456 hoc
522 2417 632 2475 nempe
654 2419 750 2472 seras,
774 2400 829 2456 hoc
851 2418 947 2456 aenea
968 2399 1100 2458 claustra
1120 2397 1264 2475 resignat,

364 2537 366 2543 .
395 2482 465 2541 Hoc
485 2483 597 2560 frangit
618 2485 729 2557 fastus,
753 2485 828 2543 dura
849 2485 964 2560 puella,
988 2494 1064 2542 tuos.

353 2567 420 2626 Hoc
438 2569 565 2645 rigidam
589 2569 719 2627 Danaen
741 2569 877 2628 lentavit.
899 2569 926 2627 si
948 2569 1015 2644 quis
1035 2573 1163 2630 Amator

394 2653 467 2712 Fert
487 2655 629 2730 pretinm,
649 2655 704 2712 tibi
727 2673 765 2712 ne
788 2654 948 2730 supplicet,
967 2654 1051 2712 alma
1073 2654 1188 2711 Venas.

354 2822 451 2900 ζ(30)
602 2817 662 2884 Τὸν
688 2821 822 2903 σοβαρὸν
844 2817 1029 2900 Πολέμωνα.

352 2905 439 2981 Quod
460 2907 590 2966 Polemo
612 2908 763 2980 illefacit,
785 2907 930 2984 Glycerae
951 2907 1152 2985 quiconiugis
1167 2908 1261 2966 aufert

394 2993 431 3053 In
456 3012 548 3052 socna
569 2993 680 3067 crines,
701 2994 790 3051 docte
812 2993 987 3065 Menandre,
1011 3001 1079 3051 tua:

353 3076 424 3136 Huc
445 3097 540 3137 novus
562 3079 693 3137 instituit
712 3077 838 3136 Polemo
863 3097 957 3136 meus.
978 3077 1032 3135 ille
1046 3076 1243 3135 Rhodauthes

396 3163 513 3221 Audaci
536 3164 632 3222 c'ultas
655 3162 782 3222 abstulit
802 3181 900 3240 ungue
923 3181 1036 3222 comas.

352 3245 537 3306 Criminibus
560 3249 685 3325 tragicis
706 3249 834 3305 mutavit
854 3248 970 3307 comica
989 3249 1082 3319 facta,

396 3332 513 3390 Inflixit
533 3340 656 3391 tenerae
678 3335 807 3391 verbera
829 3351 921 3390 saeva
943 3333 1011 3390 cuti.

353 3417 402 3475 Ah
424 3417 524 3474 scelus
546 3419 717 3495 iudignum!
741 3427 862 3478 nostros
886 3418 1030 3475 miserata
1049 3415 1170 3475 dolores

397 3501 484 3576 Quod
504 3510 621 3560 tantum
642 3503 764 3561 admisit
781 3510 866 3578 turpe
888 3502 991 3580 puella
1008 3501 1118 3560 nefas?

352 3585 434 3644 Proh
456 3585 552 3645 dolor!
577 3589 818 3665 exsculpensque
842 3587 945 3646 oculos
966 3587 1110 3644 radicitus
1134 3584 1219 3643 ambo

395 3669 534 3730 Invidiae
552 3672 699 3731 informes
719 3673 806 3730 duxit
824 3673 857 3730 in
877 3691 929 3732 orc
953 3680 1050 3731 notas.

353 3753 387 3815 si
409 3765 510 3813 tamen
528 3757 556 3815 is
579 3757 671 3815 fuerit
689 3758 905 3816 Misumeuost-
921 3765 970 3816 ast
991 3775 1045 3834 ego
1066 3763 1167 3813 contra

396 3841 563 3918 Dyscolos,
585 3843 738 3918 aspiciens
761 3862 817 3902 uec
837 3843 1095 3902 Pericircmenen.
