3000 4725
753 608 903 702 Q

371 774 474 851 (157)
540 808 544 813 Δ
665 774 759 857 Μήνη
782 773 990 859 χρυσόκερως.
1019 792 1021 801 ’

370 859 459 917 Luna
480 859 560 932 vide,
583 880 699 936 vosque
719 882 737 919 o
757 863 910 922 radiantes
930 864 1027 922 noctis
1049 864 1136 921 ocelli

412 947 516 1017 Anba,
539 947 596 1003 sub
618 946 737 1005 Oceani
760 957 847 1027 quota
869 950 971 1012 subire
994 949 1125 1007 sinum.⁴

368 1028 532 1102 Discessit,
556 1050 665 1107 meque
687 1032 736 1088 hio
754 1033 883 1111 fugitiva
902 1033 1024 1107 reliquit
1043 1034 1155 1105 Ariste,

411 1114 554 1189 Improba
575 1124 645 1191 post
664 1125 786 1175 sextum
807 1138 866 1175 non
888 1118 961 1175 mihi
974 1118 1046 1177 ¹visa
1066 1118 1153 1175 diem.

370 1198 531 1276 Vestigare
555 1207 656 1258 tamen
680 1210 794 1259 eertum
814 1211 871 1274 est,
892 1203 1054 1261 immittere
1078 1203 1182 1261 odoros

413 1282 567 1361 Cypridis,
592 1287 709 1363 argenti
733 1286 848 1363 grande
868 1289 1032 1360 numisma,
1055 1304 1156 1345 canes.

372 1452 489 1529 (062)
639 1448 776 1534 Ὄρθρος
799 1450 854 1537 ἔβη
879 1448 1049 1536 Χρύσιλλα.
1178 1531 1180 1537 ¹

370 1538 523 1610 Lueesoit,
547 1537 710 1616 Chrysills.
732 1540 806 1617 vigil
827 1540 888 1597 iarn
913 1540 1011 1617 gallus
1036 1550 1123 1599 aauto

413 1623 570 1682 Infensum
592 1624 678 1682 nobis
702 1633 917 1699 provocatore
940 1626 1029 1683 diem.
1129 1648 1132 1651 ·

369 1708 506 1769 Alituum
526 1727 635 1785 pereas
657 1710 930 1785 importunissime,
950 1712 1001 1784 qui
1023 1730 1072 1767 me

412 1792 555 1851 Visurum
578 1791 722 1871 aequales
745 1796 846 1871 exigis
868 1795 939 1852 inde
961 1796 1074 1853 domos.
1135 1812 1136 1815 ’

369 1878 434 1950 Fis,
458 1878 601 1951 Tithono,
625 1898 728 1938 senex.
751 1879 834 1937 Nam
851 1899 904 1937 our
922 1888 984 1937 tam
1009 1898 1099 1937 mano
1119 1879 1227 1957 fugasti

411 1965 560 2021 Auroram
585 1983 602 2021 e
627 1965 742 2041 tepido,
766 1964 849 2023 lente
871 1965 990 2040 marite,
1013 1965 1101 2023 toro?

372 2131 488 2209 (077)
641 2127 704 2191 Nor
730 2146 781 2212 pot
802 2133 893 2213 χαῖρε
913 2128 1020 2211 λέγεις.

369 2214 461 2274 Nunc
481 2216 555 2273 mihi
578 2217 665 2290 diois,
692 2218 792 2291 Have,
814 2222 977 2294 postquam
996 2226 1065 2275 tuus
1085 2217 1138 2276 ille
1156 2218 1245 2275 nitore

414 2302 587 2361 Marmoreo
610 2303 712 2363 vultus
734 2302 1002 2381 puriorobsoluit.

371 2385 462 2444 Nune
483 2387 557 2444 mihi
579 2389 728 2462 subrides,
751 2397 913 2466 postquam
934 2389 989 2445 tibi
1012 2396 1132 2464 tempus
1155 2385 1254 2446 ademit

414 2469 533 2530 Cervioi
554 2473 659 2532 solitas
681 2474 838 2533 involitsre
863 2491 973 2530 eomas.

372 2556 454 2615 Hine
473 2576 570 2635 apage
592 2577 611 2615 a
633 2560 730 2618 nobis.
751 2559 842 2617 nobis
867 2576 1024 2616 occurrere
1047 2557 1121 2615 noli.

414 2640 484 2700 Non
505 2644 577 2700 mihi
596 2662 652 2720 pro
675 2653 781 2702 tenera
802 2644 893 2719 spina
915 2641 1047 2719 legenda
1067 2661 1141 2701 rosa
1162 2649 1214 2700 est.

373 2810 492 2887 (081)
647 2805 690 2870 Εἴ
705 2831 757 2890 μοι
780 2809 823 2876 τὶς
846 2807 1008 2891 μέμψοιτο.

372 2895 405 2956 Si
425 2896 500 2954 vitio
524 2897 598 2953 mihi
621 2897 689 2972 quis
714 2897 813 2968 vertit,
837 2897 915 2970 quod
936 2915 1041 2954 servus
1065 2895 1187 2954 Amoris¹

382 2974 384 2978 ⁸
413 2981 503 3053 Erro,
523 2981 604 3055 quod
625 3001 715 3039 omne
735 2981 831 3040 oeulis
855 2998 991 3058 aucupor
1011 2979 1146 3052 alitibus,

371 3065 428 3122 Ille
449 3066 554 3123 Iovem
577 3065 664 3139 sciat,
686 3086 722 3124 ao
744 3066 859 3138 Ditem,
883 3065 1110 3140 Dominamque
1130 3053 1263 3142 profundi,

415 3149 511 3210 Serva
531 3148 701 3227 Cupidineo
722 3151 804 3210 oolla
820 3150 945 3210 dedisse
968 3151 1049 3227 iugo.

341 3225 348 3248 ⁸
373 3233 407 3294 si
428 3235 500 3307 tale,
523 3243 612 3310 atque
632 3236 748 3294 homiui
768 3253 864 3312 genus
886 3243 933 3294 est
950 3232 1103 3304 imitabilev
1119 3233 1233 3299 Divum,

413 3319 492 3378 Post
513 3320 611 3393 divos,
632 3321 783 3395 quodnam
808 3319 920 3377 crimen
943 3339 1045 3377 amare
1067 3337 1168 3376 meum
1189 3310 1245 3373 esti

632 3535 813 3614 dlllllllll
841 3534 1027 3614 Sllllldll.

739 3688 921 3762 Taenaros.
1013 3691 1016 3706 ·

266 3765 269 3768 ⁴
377 3771 402 3828 1.
442 3772 593 3830 Vinosum
613 3779 742 3829 nonest
762 3772 811 3830 fas
834 3772 931 3830 siccos
955 3771 1034 3826 inter
1053 3770 1178 3828 adesse:

417 3855 536 3917 Sicoum
560 3856 684 3914 vinosos
708 3857 788 3914 inter
811 3856 922 3915 adesse
943 3854 1041 3914 nefas.
