<?xml version="1.0" encoding="UTF-8"?>
<!DOCTYPE html PUBLIC "-//W3C//DTD XHTML 1.0 Transitional//EN"
    "http://www.w3.org/TR/xhtml1/DTD/xhtml1-transitional.dtd">
<html xmlns="http://www.w3.org/1999/xhtml" xml:lang="en" lang="en">
 <head>
  <title>
</title>
<meta http-equiv="Content-Type" content="text/html;charset=utf-8" />
  <meta name='ocr-system' content='tesseract 3.04.00' />
  <meta name='ocr-capabilities' content='ocr_page ocr_carea ocr_par ocr_line ocrx_word'/>
</head>
<body>
  <div class='ocr_page' id='page_1' title='image "./iosephiscaliger00scalgoog_0113.png"; bbox 0 0 3000 4725; ppageno 0'>
   <div class='ocr_carea' id='block_1_1' title="bbox 594 666 742 762">
    <p class='ocr_par' dir='ltr' id='par_1_1' title="bbox 594 666 742 762">
     <span class='ocr_line' id='line_1_1' title="bbox 594 666 742 762; baseline 0 -36"><span class='ocrx_word' id='word_1_1' title='bbox 594 666 742 762; x_wconf 66' lang='lat'>-¹.¹.3..-</span> 
     </span>
    </p>
   </div>
   <div class='ocr_carea' id='block_1_2' title="bbox 229 832 996 1082">
    <p class='ocr_par' dir='ltr' id='par_1_2' title="bbox 229 832 996 1082">
     <span class='ocr_line' id='line_1_2' title="bbox 230 832 781 913; baseline 0.002 -20"><span class='ocrx_word' id='word_1_2' title='bbox 230 832 398 894; x_wconf 77' lang='lat' dir='ltr'><strong>Securitatis.</strong></span> <span class='ocrx_word' id='word_1_3' title='bbox 422 833 483 892; x_wconf 89' lang='lat' dir='ltr'>Hic</span> <span class='ocrx_word' id='word_1_4' title='bbox 504 843 624 894; x_wconf 84' lang='lat' dir='ltr'>veretur</span> <span class='ocrx_word' id='word_1_5' title='bbox 644 836 781 913; x_wconf 80' lang='lat' dir='ltr'>perdere,</span> 
     </span>
     <span class='ocr_line' id='line_1_3' title="bbox 230 915 859 997; baseline 0.003 -21"><span class='ocrx_word' id='word_1_6' title='bbox 230 918 266 976; x_wconf 85' lang='lat' dir='ltr'>Ta</span> <span class='ocrx_word' id='word_1_7' title='bbox 282 919 326 980; x_wconf 86' lang='lat' dir='ltr'>vis</span> <span class='ocrx_word' id='word_1_8' title='bbox 346 919 469 978; x_wconf 88' lang='lat' dir='ltr'>habere.</span> <span class='ocrx_word' id='word_1_9' title='bbox 491 915 601 997; x_wconf 84' lang='lat' dir='ltr'>Cogita</span> <span class='ocrx_word' id='word_1_10' title='bbox 623 929 737 996; x_wconf 88' lang='lat' dir='ltr'>quanto</span> <span class='ocrx_word' id='word_1_11' title='bbox 762 921 859 978; x_wconf 89' lang='lat' dir='ltr'>minor</span> 
     </span>
     <span class='ocr_line' id='line_1_4' title="bbox 229 1002 996 1082; baseline 0.004 -21"><span class='ocrx_word' id='word_1_12' title='bbox 229 1002 366 1063; x_wconf 87' lang='lat' dir='ltr'>Habuisse</span> <span class='ocrx_word' id='word_1_13' title='bbox 389 1023 543 1082; x_wconf 89' lang='lat' dir='ltr'>nunqnam</span> <span class='ocrx_word' id='word_1_14' title='bbox 565 1005 604 1064; x_wconf 89' lang='lat' dir='ltr'>sit</span> <span class='ocrx_word' id='word_1_15' title='bbox 623 1005 835 1080; x_wconf 74' lang='lat' dir='ltr'>dolor‚&#39;qnam</span> <span class='ocrx_word' id='word_1_16' title='bbox 859 1005 996 1082; x_wconf 83' lang='lat' dir='ltr'><strong>perdere.</strong></span> 
     </span>
    </p>
   </div>
   <div class='ocr_carea' id='block_1_3' title="bbox 228 1173 1017 1421">
    <p class='ocr_par' dir='ltr' id='par_1_3' title="bbox 228 1173 1017 1421">
     <span class='ocr_line' id='line_1_5' title="bbox 229 1173 868 1252; baseline 0.003 -22"><span class='ocrx_word' id='word_1_17' title='bbox 229 1173 250 1230; x_wconf 81' lang='grc' dir='ltr'>Β.</span> <span class='ocrx_word' id='word_1_18' title='bbox 289 1177 407 1231; x_wconf 77' lang='lat' dir='ltr'><strong>Avarus</strong></span> <span class='ocrx_word' id='word_1_19' title='bbox 432 1180 522 1246; x_wconf 84' lang='lat' dir='ltr'>atquo</span> <span class='ocrx_word' id='word_1_20' title='bbox 542 1173 699 1252; x_wconf 70' lang='lat' dir='ltr'>prodigus,</span> <span class='ocrx_word' id='word_1_21' title='bbox 719 1175 868 1252; x_wconf 83' lang='lat' dir='ltr'>pecuniae</span> 
     </span>
     <span class='ocr_line' id='line_1_6' title="bbox 228 1254 874 1337; baseline 0.002 -21"><span class='ocrx_word' id='word_1_22' title='bbox 228 1254 292 1316; x_wconf 87' lang='lat' dir='ltr'><strong>Sunt</strong></span> <span class='ocrx_word' id='word_1_23' title='bbox 310 1259 400 1316; x_wconf 92' lang='lat' dir='ltr'>ambo</span> <span class='ocrx_word' id='word_1_24' title='bbox 424 1258 521 1334; x_wconf 87' lang='lat' dir='ltr'>egeni.</span> <span class='ocrx_word' id='word_1_25' title='bbox 542 1257 693 1337; x_wconf 72' lang='lat' dir='ltr'><strong>Prodigus</strong></span> <span class='ocrx_word' id='word_1_26' title='bbox 713 1262 874 1337; x_wconf 87' lang='lat' dir='ltr'>pecuniam</span> 
     </span>
     <span class='ocr_line' id='line_1_7' title="bbox 228 1341 1017 1421; baseline 0.003 -22"><span class='ocrx_word' id='word_1_27' title='bbox 228 1342 286 1400; x_wconf 84' lang='lat' dir='ltr'>Mox</span> <span class='ocrx_word' id='word_1_28' title='bbox 307 1363 366 1401; x_wconf 91' lang='lat' dir='ltr'>non</span> <span class='ocrx_word' id='word_1_29' title='bbox 386 1341 519 1400; x_wconf 88' lang='lat' dir='ltr'>habebit.</span> <span class='ocrx_word' id='word_1_30' title='bbox 540 1351 590 1402; x_wconf 85' lang='lat' dir='ltr'>ast</span> <span class='ocrx_word' id='word_1_31' title='bbox 610 1363 719 1404; x_wconf 88' lang='lat' dir='ltr'>avarus</span> <span class='ocrx_word' id='word_1_32' title='bbox 742 1363 895 1421; x_wconf 87' lang='lat' dir='ltr'>nunqnam</span> <span class='ocrx_word' id='word_1_33' title='bbox 917 1344 1017 1402; x_wconf 87' lang='lat' dir='ltr'>habet.</span> 
     </span>
    </p>
   </div>
   <div class='ocr_carea' id='block_1_4' title="bbox 198 1491 1019 1757">
    <p class='ocr_par' dir='ltr' id='par_1_4' title="bbox 198 1491 1019 1757">
     <span class='ocr_line' id='line_1_8' title="bbox 198 1491 1019 1593; baseline 0.001 -25"><span class='ocrx_word' id='word_1_34' title='bbox 198 1491 201 1498; x_wconf 43' lang='lat'><strong>¹</strong></span> <span class='ocrx_word' id='word_1_35' title='bbox 227 1509 249 1568; x_wconf 80' lang='lat'>9.</span> <span class='ocrx_word' id='word_1_36' title='bbox 286 1509 486 1585; x_wconf 75' lang='lat' dir='ltr'>Quaecunque</span> <span class='ocrx_word' id='word_1_37' title='bbox 506 1513 537 1569; x_wconf 89' lang='lat' dir='ltr'>in</span> <span class='ocrx_word' id='word_1_38' title='bbox 560 1530 630 1570; x_wconf 87' lang='lat' dir='ltr'>arca</span> <span class='ocrx_word' id='word_1_39' title='bbox 651 1513 756 1571; x_wconf 90' lang='lat' dir='ltr'>condit</span> <span class='ocrx_word' id='word_1_40' title='bbox 776 1524 919 1593; x_wconf 73' lang='lat' dir='ltr'>aggestas</span> <span class='ocrx_word' id='word_1_41' title='bbox 943 1529 1019 1589; x_wconf 91' lang='lat' dir='ltr'>opes</span> 
     </span>
     <span class='ocr_line' id='line_1_9' title="bbox 226 1595 792 1674; baseline 0.009 -22"><span class='ocrx_word' id='word_1_42' title='bbox 226 1597 342 1668; x_wconf 80' lang='lat' dir='ltr'>Avarus,</span> <span class='ocrx_word' id='word_1_43' title='bbox 363 1595 433 1654; x_wconf 86' lang='lat' dir='ltr'>aliis</span> <span class='ocrx_word' id='word_1_44' title='bbox 450 1596 585 1669; x_wconf 83' lang='lat' dir='ltr'>abstulit,</span> <span class='ocrx_word' id='word_1_45' title='bbox 609 1605 700 1674; x_wconf 88' lang='lat' dir='ltr'>negat</span> <span class='ocrx_word' id='word_1_46' title='bbox 724 1600 792 1657; x_wconf 89' lang='lat' dir='ltr'>sibi.</span> 
     </span>
     <span class='ocr_line' id='line_1_10' title="bbox 225 1678 924 1757; baseline 0.007 -21"><span class='ocrx_word' id='word_1_47' title='bbox 225 1678 376 1739; x_wconf 83' lang='lat' dir='ltr'>Fraudavit</span> <span class='ocrx_word' id='word_1_48' title='bbox 397 1679 488 1753; x_wconf 81' lang='lat' dir='ltr'>alios,</span> <span class='ocrx_word' id='word_1_49' title='bbox 516 1700 608 1757; x_wconf 85' lang='lat' dir='ltr'>seque</span> <span class='ocrx_word' id='word_1_50' title='bbox 633 1682 755 1740; x_wconf 82' lang='lat' dir='ltr'>fraudat</span> <span class='ocrx_word' id='word_1_51' title='bbox 775 1684 924 1742; x_wconf 86' lang='lat' dir='ltr'>ultimum.</span> 
     </span>
    </p>
   </div>
   <div class='ocr_carea' id='block_1_5' title="bbox 187 1847 990 2354">
    <p class='ocr_par' dir='ltr' id='par_1_5' title="bbox 187 1847 990 2016">
     <span class='ocr_line' id='line_1_11' title="bbox 228 1847 990 1928; baseline 0.005 -23"><span class='ocrx_word' id='word_1_52' title='bbox 228 1847 270 1906; x_wconf 91' lang='grc'>10.</span> <span class='ocrx_word' id='word_1_53' title='bbox 312 1851 412 1928; x_wconf 92' lang='lat' dir='ltr'>Opnm</span> <span class='ocrx_word' id='word_1_54' title='bbox 434 1851 606 1910; x_wconf 85' lang='lat' dir='ltr'>redundans</span> <span class='ocrx_word' id='word_1_55' title='bbox 628 1851 722 1924; x_wconf 84' lang='lat' dir='ltr'>rivus,</span> <span class='ocrx_word' id='word_1_56' title='bbox 748 1859 778 1908; x_wconf 91' lang='lat' dir='ltr'>et</span> <span class='ocrx_word' id='word_1_57' title='bbox 801 1852 990 1928; x_wconf 86' lang='lat' dir='ltr'>superfluens</span> 
     </span>
     <span class='ocr_line' id='line_1_12' title="bbox 187 1933 824 2016; baseline 0.005 -26"><span class='ocrx_word' id='word_1_58' title='bbox 187 1963 188 1968; x_wconf 17' lang='grc' dir='ltr'><strong>κ</strong></span> <span class='ocrx_word' id='word_1_59' title='bbox 224 1933 338 2016; x_wconf 84' lang='lat' dir='ltr'>Licente</span> <span class='ocrx_word' id='word_1_60' title='bbox 356 1936 443 2008; x_wconf 80' lang='lat' dir='ltr'><strong>luxu,</strong></span> <span class='ocrx_word' id='word_1_61' title='bbox 466 1937 602 1994; x_wconf 88' lang='lat' dir='ltr'>moribus</span> <span class='ocrx_word' id='word_1_62' title='bbox 627 1935 706 2013; x_wconf 83' lang='lat' dir='ltr'>frugi</span> <span class='ocrx_word' id='word_1_63' title='bbox 729 1944 824 1996; x_wconf 89' lang='lat' dir='ltr'>nocet.</span> 
     </span>
    </p>

    <p class='ocr_par' dir='ltr' id='par_1_6' title="bbox 224 2018 840 2099">
     <span class='ocr_line' id='line_1_13' title="bbox 224 2018 840 2099; baseline 0.005 -23"><span class='ocrx_word' id='word_1_64' title='bbox 224 2018 308 2079; x_wconf 85' lang='lat' dir='ltr'>Duris</span> <span class='ocrx_word' id='word_1_65' title='bbox 331 2029 452 2099; x_wconf 86' lang='lat' dir='ltr'>egestas</span> <span class='ocrx_word' id='word_1_66' title='bbox 475 2021 553 2098; x_wconf 87' lang='lat' dir='ltr'>cogit</span> <span class='ocrx_word' id='word_1_67' title='bbox 574 2022 607 2078; x_wconf 90' lang='lat' dir='ltr'>in</span> <span class='ocrx_word' id='word_1_68' title='bbox 630 2021 720 2080; x_wconf 89' lang='lat' dir='ltr'>rebus</span> <span class='ocrx_word' id='word_1_69' title='bbox 743 2024 840 2080; x_wconf 88' lang='lat' dir='ltr'>bonos</span> 
     </span>
    </p>

    <p class='ocr_par' dir='ltr' id='par_1_7' title="bbox 224 2103 855 2182">
     <span class='ocr_line' id='line_1_14' title="bbox 224 2103 855 2182; baseline 0.005 -22"><span class='ocrx_word' id='word_1_70' title='bbox 224 2103 339 2164; x_wconf 87' lang='lat' dir='ltr'>Patrare</span> <span class='ocrx_word' id='word_1_71' title='bbox 360 2105 460 2164; x_wconf 86' lang='lat' dir='ltr'>famae</span> <span class='ocrx_word' id='word_1_72' title='bbox 482 2125 544 2164; x_wconf 93' lang='lat' dir='ltr'>non</span> <span class='ocrx_word' id='word_1_73' title='bbox 566 2106 677 2164; x_wconf 86' lang='lat' dir='ltr'>decora</span> <span class='ocrx_word' id='word_1_74' title='bbox 698 2106 855 2182; x_wconf 76' lang='lat' dir='ltr'>pristinae.</span> 
     </span>
    </p>

    <p class='ocr_par' dir='ltr' id='par_1_8' title="bbox 225 2188 695 2268">
     <span class='ocr_line' id='line_1_15' title="bbox 225 2188 695 2268; baseline 0 -20"><span class='ocrx_word' id='word_1_75' title='bbox 225 2188 282 2248; x_wconf 85' lang='lat' dir='ltr'>Viri</span> <span class='ocrx_word' id='word_1_76' title='bbox 301 2191 383 2249; x_wconf 87' lang='lat' dir='ltr'>beati</span> <span class='ocrx_word' id='word_1_77' title='bbox 403 2191 465 2249; x_wconf 87' lang='lat' dir='ltr'>vita</span> <span class='ocrx_word' id='word_1_78' title='bbox 486 2190 635 2268; x_wconf 85' lang='lat' dir='ltr'>castigata</span> <span class='ocrx_word' id='word_1_79' title='bbox 656 2192 695 2250; x_wconf 88' lang='lat' dir='ltr'>sit</span> 
     </span>
    </p>

    <p class='ocr_par' dir='ltr' id='par_1_9' title="bbox 226 2273 839 2354">
     <span class='ocr_line' id='line_1_16' title="bbox 226 2273 839 2354; baseline 0 -22"><span class='ocrx_word' id='word_1_80' title='bbox 226 2273 261 2332; x_wconf 87' lang='lat' dir='ltr'>Ut</span> <span class='ocrx_word' id='word_1_81' title='bbox 279 2296 338 2334; x_wconf 92' lang='lat' dir='ltr'>non</span> <span class='ocrx_word' id='word_1_82' title='bbox 357 2294 465 2353; x_wconf 79' lang='lat' dir='ltr'>egena,</span> <span class='ocrx_word' id='word_1_83' title='bbox 489 2277 533 2334; x_wconf 89' lang='lat' dir='ltr'>sic</span> <span class='ocrx_word' id='word_1_84' title='bbox 554 2295 668 2354; x_wconf 88' lang='lat' dir='ltr'>egenae</span> <span class='ocrx_word' id='word_1_85' title='bbox 688 2275 839 2352; x_wconf 88' lang='lat' dir='ltr'>proxima.</span> 
     </span>
    </p>
   </div>
   <div class='ocr_carea' id='block_1_6' title="bbox 225 2444 1082 3119">
    <p class='ocr_par' dir='ltr' id='par_1_10' title="bbox 226 2444 1035 2609">
     <span class='ocr_line' id='line_1_17' title="bbox 229 2444 1035 2523; baseline 0.001 -22"><span class='ocrx_word' id='word_1_86' title='bbox 229 2444 269 2503; x_wconf 86' lang='lat'>11.</span> <span class='ocrx_word' id='word_1_87' title='bbox 309 2445 409 2508; x_wconf 86' lang='lat' dir='ltr'>Stulta</span> <span class='ocrx_word' id='word_1_88' title='bbox 430 2455 477 2505; x_wconf 88' lang='lat' dir='ltr'>est</span> <span class='ocrx_word' id='word_1_89' title='bbox 498 2446 618 2523; x_wconf 69' lang='lat' dir='ltr'>cupido,</span> <span class='ocrx_word' id='word_1_90' title='bbox 641 2464 718 2521; x_wconf 86' lang='lat' dir='ltr'>quae</span> <span class='ocrx_word' id='word_1_91' title='bbox 738 2445 804 2505; x_wconf 87' lang='lat' dir='ltr'>dies</span> <span class='ocrx_word' id='word_1_92' title='bbox 827 2445 938 2523; x_wconf 87' lang='lat' dir='ltr'>longos</span> <span class='ocrx_word' id='word_1_93' title='bbox 961 2445 1035 2516; x_wconf 81' lang='lat' dir='ltr'>sitit,</span> 
     </span>
     <span class='ocr_line' id='line_1_18' title="bbox 226 2529 914 2609; baseline 0 -22"><span class='ocrx_word' id='word_1_94' title='bbox 226 2529 259 2587; x_wconf 80' lang='lat' dir='ltr'>m</span> <span class='ocrx_word' id='word_1_95' title='bbox 275 2532 435 2609; x_wconf 87' lang='lat' dir='ltr'>plurimum</span> <span class='ocrx_word' id='word_1_96' title='bbox 460 2533 528 2589; x_wconf 86' lang='lat' dir='ltr'>aevi</span> <span class='ocrx_word' id='word_1_97' title='bbox 546 2530 693 2607; x_wconf 82' lang='lat' dir='ltr'>plurimas</span> <span class='ocrx_word' id='word_1_98' title='bbox 717 2530 798 2589; x_wconf 85' lang='lat' dir='ltr'>vitas</span> <span class='ocrx_word' id='word_1_99' title='bbox 819 2538 914 2606; x_wconf 89' lang='lat' dir='ltr'>putat.</span> 
     </span>
    </p>

    <p class='ocr_par' dir='ltr' id='par_1_11' title="bbox 226 2612 1001 2777">
     <span class='ocr_line' id='line_1_19' title="bbox 226 2612 1001 2693; baseline 0 -22"><span class='ocrx_word' id='word_1_100' title='bbox 226 2613 287 2674; x_wconf 91' lang='lat' dir='ltr'>Non</span> <span class='ocrx_word' id='word_1_101' title='bbox 308 2636 401 2693; x_wconf 80' lang='lat' dir='ltr'>saepe</span> <span class='ocrx_word' id='word_1_102' title='bbox 422 2616 534 2689; x_wconf 85' lang='lat' dir='ltr'>vivere,</span> <span class='ocrx_word' id='word_1_103' title='bbox 553 2623 585 2673; x_wconf 89' lang='lat' dir='ltr'>at</span> <span class='ocrx_word' id='word_1_104' title='bbox 603 2616 681 2674; x_wconf 89' lang='lat' dir='ltr'>mori</span> <span class='ocrx_word' id='word_1_105' title='bbox 704 2615 807 2673; x_wconf 89' lang='lat' dir='ltr'>datum</span> <span class='ocrx_word' id='word_1_106' title='bbox 829 2622 877 2673; x_wconf 89' lang='lat' dir='ltr'>est</span> <span class='ocrx_word' id='word_1_107' title='bbox 895 2612 1001 2674; x_wconf 88' lang='lat' dir='ltr'>semel.</span> 
     </span>
     <span class='ocr_line' id='line_1_20' title="bbox 227 2698 868 2777; baseline 0 -20"><span class='ocrx_word' id='word_1_108' title='bbox 227 2698 343 2760; x_wconf 83' lang='lat' dir='ltr'>Centum</span> <span class='ocrx_word' id='word_1_109' title='bbox 364 2710 503 2761; x_wconf 81' lang='lat' dir='ltr'>senectae</span> <span class='ocrx_word' id='word_1_110' title='bbox 526 2699 610 2759; x_wconf 90' lang='lat' dir='ltr'>mille</span> <span class='ocrx_word' id='word_1_111' title='bbox 630 2700 721 2759; x_wconf 88' lang='lat' dir='ltr'>seclis</span> <span class='ocrx_word' id='word_1_112' title='bbox 745 2717 868 2777; x_wconf 83' lang='lat' dir='ltr'>aggere,</span> 
     </span>
    </p>

    <p class='ocr_par' dir='ltr' id='par_1_12' title="bbox 226 2784 883 2846">
     <span class='ocr_line' id='line_1_21' title="bbox 226 2784 883 2846; baseline -0.003 -4"><span class='ocrx_word' id='word_1_113' title='bbox 226 2784 258 2843; x_wconf 79' lang='lat' dir='ltr'>Et</span> <span class='ocrx_word' id='word_1_114' title='bbox 275 2788 356 2845; x_wconf 86' lang='lat' dir='ltr'>mille</span> <span class='ocrx_word' id='word_1_115' title='bbox 379 2788 446 2845; x_wconf 87' lang='lat' dir='ltr'>vive</span> <span class='ocrx_word' id='word_1_116' title='bbox 466 2784 634 2846; x_wconf 80' lang='lat' dir='ltr'>Nestoras:</span> <span class='ocrx_word' id='word_1_117' title='bbox 657 2784 811 2843; x_wconf 87' lang='lat' dir='ltr'>dementia</span> <span class='ocrx_word' id='word_1_118' title='bbox 836 2791 883 2841; x_wconf 87' lang='lat' dir='ltr'>est</span> 
     </span>
    </p>

    <p class='ocr_par' dir='ltr' id='par_1_13' title="bbox 225 2868 810 2947">
     <span class='ocr_line' id='line_1_22' title="bbox 225 2868 810 2947; baseline 0.002 -21"><span class='ocrx_word' id='word_1_119' title='bbox 225 2868 328 2930; x_wconf 90' lang='lat' dir='ltr'>Pntare</span> <span class='ocrx_word' id='word_1_120' title='bbox 346 2871 459 2930; x_wconf 89' lang='lat' dir='ltr'>multas</span> <span class='ocrx_word' id='word_1_121' title='bbox 482 2890 576 2947; x_wconf 86' lang='lat' dir='ltr'>posse</span> <span class='ocrx_word' id='word_1_122' title='bbox 600 2870 676 2929; x_wconf 83' lang='lat' dir='ltr'>vitas</span> <span class='ocrx_word' id='word_1_123' title='bbox 697 2871 810 2941; x_wconf 84' lang='lat' dir='ltr'>vivere,</span> 
     </span>
    </p>

    <p class='ocr_par' dir='ltr' id='par_1_14' title="bbox 225 2949 1082 3119">
     <span class='ocr_line' id='line_1_23' title="bbox 225 2949 1068 3032; baseline -0.006 -20"><span class='ocrx_word' id='word_1_124' title='bbox 225 2956 279 3013; x_wconf 76' lang='lat' dir='ltr'>Ant</span> <span class='ocrx_word' id='word_1_125' title='bbox 299 2958 401 3017; x_wconf 87' lang='lat' dir='ltr'>vivere</span> <span class='ocrx_word' id='word_1_126' title='bbox 420 2955 524 3028; x_wconf 86' lang='lat' dir='ltr'>ullam,</span> <span class='ocrx_word' id='word_1_127' title='bbox 544 2963 665 3032; x_wconf 87' lang='lat' dir='ltr'>praeter</span> <span class='ocrx_word' id='word_1_128' title='bbox 685 2954 764 3012; x_wconf 87' lang='lat' dir='ltr'>hano</span> <span class='ocrx_word' id='word_1_129' title='bbox 787 2971 876 3028; x_wconf 89' lang='lat' dir='ltr'>quam</span> <span class='ocrx_word' id='word_1_130' title='bbox 897 2949 1068 3029; x_wconf 84' lang='lat' dir='ltr'>perdimus:</span> 
     </span>
     <span class='ocr_line' id='line_1_24' title="bbox 227 3035 1082 3119; baseline -0.005 -22"><span class='ocrx_word' id='word_1_131' title='bbox 227 3042 280 3098; x_wconf 84' lang='lat' dir='ltr'>Aut</span> <span class='ocrx_word' id='word_1_132' title='bbox 299 3042 426 3119; x_wconf 85' lang='lat' dir='ltr'>perdere</span> <span class='ocrx_word' id='word_1_133' title='bbox 443 3041 548 3112; x_wconf 82' lang='lat' dir='ltr'>ullam,</span> <span class='ocrx_word' id='word_1_134' title='bbox 570 3047 691 3117; x_wconf 85' lang='lat' dir='ltr'>praeter</span> <span class='ocrx_word' id='word_1_135' title='bbox 708 3041 787 3097; x_wconf 88' lang='lat' dir='ltr'>hanc</span> <span class='ocrx_word' id='word_1_136' title='bbox 810 3056 900 3114; x_wconf 89' lang='lat' dir='ltr'>qnam</span> <span class='ocrx_word' id='word_1_137' title='bbox 921 3035 1059 3094; x_wconf 76' lang='lat' dir='ltr'>vicimus.</span> <span class='ocrx_word' id='word_1_138' title='bbox 1078 3072 1082 3079; x_wconf 85' lang='lat'>·</span> 
     </span>
    </p>
   </div>
   <div class='ocr_carea' id='block_1_7' title="bbox 227 3208 1109 3630">
    <p class='ocr_par' dir='ltr' id='par_1_15' title="bbox 227 3208 1009 3370">
     <span class='ocr_line' id='line_1_25' title="bbox 230 3208 1009 3284; baseline -0.003 -20"><span class='ocrx_word' id='word_1_139' title='bbox 230 3208 271 3267; x_wconf 77' lang='lat'>12.</span> <span class='ocrx_word' id='word_1_140' title='bbox 308 3210 450 3270; x_wconf 79' lang='lat' dir='ltr'>Formido</span> <span class='ocrx_word' id='word_1_141' title='bbox 471 3210 577 3269; x_wconf 87' lang='lat' dir='ltr'>mortis</span> <span class='ocrx_word' id='word_1_142' title='bbox 599 3218 696 3267; x_wconf 88' lang='lat' dir='ltr'>morte</span> <span class='ocrx_word' id='word_1_143' title='bbox 716 3208 815 3284; x_wconf 88' lang='lat' dir='ltr'>peior.</span> <span class='ocrx_word' id='word_1_144' title='bbox 839 3226 902 3265; x_wconf 89' lang='lat' dir='ltr'>non</span> <span class='ocrx_word' id='word_1_145' title='bbox 923 3213 1009 3282; x_wconf 87' lang='lat' dir='ltr'>potes</span> 
     </span>
     <span class='ocr_line' id='line_1_26' title="bbox 227 3290 888 3370; baseline 0.003 -23"><span class='ocrx_word' id='word_1_146' title='bbox 227 3290 323 3353; x_wconf 87' lang='lat' dir='ltr'>Vitare</span> <span class='ocrx_word' id='word_1_147' title='bbox 347 3302 481 3367; x_wconf 85' lang='lat' dir='ltr'>mortem,</span> <span class='ocrx_word' id='word_1_148' title='bbox 506 3294 559 3354; x_wconf 88' lang='lat' dir='ltr'>sed</span> <span class='ocrx_word' id='word_1_149' title='bbox 578 3302 664 3370; x_wconf 88' lang='lat' dir='ltr'>potes</span> <span class='ocrx_word' id='word_1_150' title='bbox 689 3300 888 3351; x_wconf 85' lang='lat' dir='ltr'>contemnere.</span> 
     </span>
    </p>

    <p class='ocr_par' dir='ltr' id='par_1_16' title="bbox 228 3379 1109 3630">
     <span class='ocr_line' id='line_1_27' title="bbox 534 3379 814 3437; baseline -0.004 -1"><span class='ocrx_word' id='word_1_151' title='bbox 534 3381 617 3437; x_wconf 84' lang='lat' dir='ltr'>Idem</span> <span class='ocrx_word' id='word_1_152' title='bbox 640 3379 814 3436; x_wconf 75' lang='lat' dir='ltr'>Trocioicia.</span> 
     </span>
     <span class='ocr_line' id='line_1_28' title="bbox 228 3458 1026 3539; baseline -0.003 -23"><span class='ocrx_word' id='word_1_153' title='bbox 228 3458 359 3522; x_wconf 87' lang='lat' dir='ltr'>Pallidae</span> <span class='ocrx_word' id='word_1_154' title='bbox 380 3462 508 3521; x_wconf 88' lang='lat' dir='ltr'>formido</span> <span class='ocrx_word' id='word_1_155' title='bbox 529 3464 636 3522; x_wconf 87' lang='lat' dir='ltr'>mortis</span> <span class='ocrx_word' id='word_1_156' title='bbox 654 3463 724 3539; x_wconf 90' lang='lat' dir='ltr'>ipsa</span> <span class='ocrx_word' id='word_1_157' title='bbox 743 3469 841 3520; x_wconf 86' lang='lat' dir='ltr'>morte</span> <span class='ocrx_word' id='word_1_158' title='bbox 863 3460 1026 3536; x_wconf 83' lang='lat' dir='ltr'>peiorest.</span> 
     </span>
     <span class='ocr_line' id='line_1_29' title="bbox 229 3542 1109 3630; baseline -0.006 -25"><span class='ocrx_word' id='word_1_159' title='bbox 229 3542 294 3606; x_wconf 89' lang='lat' dir='ltr'>Non</span> <span class='ocrx_word' id='word_1_160' title='bbox 314 3557 403 3627; x_wconf 86' lang='lat' dir='ltr'>potes</span> <span class='ocrx_word' id='word_1_161' title='bbox 423 3548 678 3620; x_wconf 70' lang='lat' dir='ltr'>admemoriam,</span> <span class='ocrx_word' id='word_1_162' title='bbox 708 3547 764 3605; x_wconf 87' lang='lat' dir='ltr'>sed</span> <span class='ocrx_word' id='word_1_163' title='bbox 785 3553 874 3621; x_wconf 85' lang='lat' dir='ltr'>potes</span> <span class='ocrx_word' id='word_1_164' title='bbox 897 3551 1109 3630; x_wconf 81' lang='lat' dir='ltr'>contemnere.¹</span> 
     </span>
    </p>
   </div>
   <div class='ocr_carea' id='block_1_8' title="bbox 229 3714 962 3963">
    <p class='ocr_par' dir='ltr' id='par_1_17' title="bbox 229 3714 962 3963">
     <span class='ocr_line' id='line_1_30' title="bbox 479 3714 881 3776; baseline -0.01 -1"><span class='ocrx_word' id='word_1_165' title='bbox 479 3719 528 3776; x_wconf 84' lang='lat'>13.</span> <span class='ocrx_word' id='word_1_166' title='bbox 575 3717 702 3775; x_wconf 83' lang='lat' dir='ltr'>Hearico</span> <span class='ocrx_word' id='word_1_167' title='bbox 723 3714 881 3772; x_wconf 78' lang='lat' dir='ltr'>Ranzooio.</span> 
     </span>
     <span class='ocr_line' id='line_1_31' title="bbox 229 3794 962 3881; baseline 0.001 -28"><span class='ocrx_word' id='word_1_168' title='bbox 229 3794 318 3859; x_wconf 85' lang='lat' dir='ltr'>Nulla</span> <span class='ocrx_word' id='word_1_169' title='bbox 339 3820 410 3881; x_wconf 86' lang='lat' dir='ltr'>ergo</span> <span class='ocrx_word' id='word_1_170' title='bbox 432 3802 524 3861; x_wconf 89' lang='lat' dir='ltr'>flendi</span> <span class='ocrx_word' id='word_1_171' title='bbox 545 3810 627 3861; x_wconf 88' lang='lat' dir='ltr'>meta</span> <span class='ocrx_word' id='word_1_172' title='bbox 646 3809 708 3858; x_wconf 87' lang='lat' dir='ltr'>tam</span> <span class='ocrx_word' id='word_1_173' title='bbox 728 3816 831 3856; x_wconf 85' lang='lat' dir='ltr'>carum</span> <span class='ocrx_word' id='word_1_174' title='bbox 852 3794 962 3875; x_wconf 73' lang='lat' dir='ltr'>capnt?</span> 
     </span>
     <span class='ocr_line' id='line_1_32' title="bbox 230 3879 900 3963; baseline -0.003 -20"><span class='ocrx_word' id='word_1_175' title='bbox 230 3879 291 3944; x_wconf 87' lang='lat' dir='ltr'>Nec</span> <span class='ocrx_word' id='word_1_176' title='bbox 310 3888 371 3946; x_wconf 87' lang='lat' dir='ltr'>ulla</span> <span class='ocrx_word' id='word_1_177' title='bbox 390 3888 460 3948; x_wconf 89' lang='lat' dir='ltr'>finis</span> <span class='ocrx_word' id='word_1_178' title='bbox 482 3888 684 3959; x_wconf 63' lang='lat' dir='ltr'>lacrimarum</span> <span class='ocrx_word' id='word_1_179' title='bbox 706 3902 763 3942; x_wconf 88' lang='lat' dir='ltr'>nec</span> <span class='ocrx_word' id='word_1_180' title='bbox 779 3882 900 3963; x_wconf 77' lang='lat' dir='ltr'>pudori</span> 
     </span>
    </p>
   </div>
   <div class='ocr_carea' id='block_1_9' title="bbox 912 3992 932 4051">
    <p class='ocr_par' dir='ltr' id='par_1_18' title="bbox 912 3992 932 4051">
     <span class='ocr_line' id='line_1_33' title="bbox 912 3992 932 4051; baseline 0 0"><span class='ocrx_word' id='word_1_181' title='bbox 912 3992 932 4051; x_wconf 87' lang='grc'>8</span> 
     </span>
    </p>
   </div>
   <div class='ocr_carea' id='block_1_10' title="bbox 0 0 1504 4725">
    <p class='ocr_par' dir='ltr' id='par_1_19' title="bbox 0 0 1504 4725">
     <span class='ocr_line' id='line_1_34' title="bbox 0 0 1504 4725; baseline 0 0"><span class='ocrx_word' id='word_1_182' title='bbox 0 0 1504 4725; x_wconf 95' lang='lat' dir='ltr'> </span> 
     </span>
    </p>
   </div>
  </div>
 </body>
</html>
