3000 4725
731 607 792 665 321

313 772 428 846 Fuerit,
449 774 510 833 nisi
530 781 573 833 tu.
594 792 695 834 nonne
715 776 832 835 oonieui
850 776 951 834 bene?

313 860 394 918 Men.
435 860 588 918 Absoedo.
607 878 678 917 nem
694 878 773 935 quae
792 860 955 937 turpitudo,
977 862 1056 920 velle
1075 881 1138 920 eum

239 950 306 1004 1160
316 942 466 1005 Sermone
485 944 646 1022 uestigare,
667 945 719 1019 qui
741 946 808 1022 eogi
828 946 950 1022 potest?

314 1030 390 1090 Teu.
410 1028 561 1089 Abscede.
569 1037 832 1107 nemquumturpe
841 1028 1206 1101 etinhouestnmestmihi‚

313 1113 478 1175 Attendere
502 1114 618 1173 homini
640 1114 789 1172 effutienti
806 1115 932 1174 inanis?

316 1200 372 1261 ch.
415 1201 514 1259 Atrox
532 1198 596 1258 litis
616 1205 769 1257 certamen
792 1196 857 1257 erit.

316 1284 467 1359 Quantum
489 1284 571 1360 potis
592 1302 638 1356 es,
659 1303 794 1361 propera
814 1284 943 1359 Teucer,

240 1371 508 1444 1165Fossumque
528 1386 633 1427 oerum
653 1368 730 1428 citus
753 1369 823 1427 hnio
842 1388 924 1429 eure.

316 1454 378 1516 Ubi
398 1461 546 1532 perpetuu
567 1453 717 1511 celebrem
737 1455 853 1513 eunetis

316 1540 481 1599 Tumulum
501 1556 566 1597 eum
591 1537 681 1596 leude
703 1539 828 1598 tenebit.

315 1625 392 1685 Teu.
431 1626 473 1684 At
495 1640 564 1681 eeoe
584 1630 709 1699 praesto
733 1623 861 1701 tempori
883 1624 995 1683 adsunt
1013 1642 1156 1701 proxume

315 1711 357 1771 Et
373 1716 483 1788 gnatus
502 1708 591 1766 huius
610 1715 700 1783 atque
720 1710 873 1785 particeps
894 1709 965 1781 tori,

240 1800 308 1854 1170
316 1796 360 1855 Ut
381 1801 572 1869 exequentur
589 1793 647 1850 rite
667 1793 758 1852 funus
777 1794 897 1852 mortui.

318 1881 346 1941 Ο
367 1898 455 1957 puer,
475 1877 630 1937 adesdum.
652 1896 709 1955 age
732 1879 854 1937 eooldus
876 1879 1008 1955 supplex
1028 1877 1119 1955 petri,

318 1965 378 2041 Qui
400 1972 430 2021 te
452 1962 485 2021 in
507 1980 655 2039 supernas
677 1962 754 2021 lueis
775 1982 845 2023 ores
867 1963 978 2021 edidit:

316 2050 367 2108 Illi
389 2047 492 2109 asside
512 2046 701 2124 suppliciter,
725 2056 757 2105 et
776 2048 916 2108 manibus
938 2056 1007 2107 tene

316 2136 415 2207 Meas,
439 2140 469 2191 et
486 2132 587 2203 huius,
610 2139 640 2188 et
658 2139 727 2191 tuas
746 2132 852 2191 itidem
871 2152 986 2206 comes,

241 2225 307 2279 1175
318 2217 477 2296 Supplicia
497 2216 677 2275 velamento.
703 2218 787 2293 quod
808 2219 834 2277 si
857 2218 985 2276 exerciti

318 2302 446 2378 Quidem
469 2300 640 2379 aggreditur
666 2310 785 2362 mortno
804 2311 834 2361 te
855 2304 998 2376 avellere,

318 2389 455 2448 Tollatun
475 2386 647 2463 insepultus
670 2389 805 2446 emedio
827 2389 922 2448 malet

317 2475 358 2534 Et
382 2479 503 2531 eruatur
521 2489 631 2550 genere
652 2479 718 2530 toto
742 2473 892 2550 stirpitus,

319 2557 456 2632 Qualiter
477 2575 533 2634 ego
556 2556 647 2614 istum
669 2557 808 2630 praesioo
833 2559 944 2616 crinem
967 2576 1067 2615 menn.

241 2643 410 2716 1180Puer‚
433 2650 503 2701 tene
520 2641 622 2699 illum:
644 2641 743 2714 servu,
765 2643 853 2701 habe.
875 2650 983 2701 necte
1004 2650 1085 2701 statu

316 2729 487 2788 Demoveut
509 2726 637 2802 aliquis:
660 2734 708 2784 aet
727 2727 852 2786 inhaere
874 2728 943 2786 huie
963 2727 1114 2786 accidens.

316 2813 394 2887 Neo,
413 2834 430 2871 ο
452 2812 584 2883 sodales,
604 2831 660 2888 pro
683 2810 757 2870 viris
777 2812 963 2872 muliebriter

317 2900 380 2959 Vos
402 2897 511 2976 gerite:
535 2896 590 2955 sed
609 2895 720 2966 iuvate,
740 2897 838 2955 donee
860 2917 971 2957 venero

318 2984 478 3044 Tumulnm
500 2983 570 3040 huie
589 2999 765 3056 procurans,
788 2983 889 3042 nullus
910 2983 943 3040 id
962 2983 1044 3042 sinet
1062 2979 1143 3038 lieet

654 3065 785 3142 stropha
810 3068 882 3127 VII.

319 3152 374 3213 Oh.
415 3151 649 3228 Reciprooifuga
669 3151 857 3227 temporibus
880 3161 965 3211 setus

318 3236 542 3312 Numerosique
564 3236 701 3295 volumen
724 3236 803 3308 aevi,

319 3321 447 3398 Quando
468 3322 588 3380 desinet
607 3319 710 3378 miseri

318 3407 381 3465 Tot
400 3424 557 3465 aerumnas
579 3404 653 3464 belli

319 3491 416 3550 Nobis
436 3490 594 3566 duplicans

318 3575 463 3636 Residem
486 3574 525 3632 ad
546 3575 680 3646 Troiem,
704 3572 829 3632 Troiam
847 3573 981 3648 inquam,

257 3649 260 3660 ’
318 3661 464 3719 Probrum
476 3660 690 3734 ‘maculamque
711 3656 918 3719 Graecorum?

622 3745 813 3819 Autietropla
839 3743 911 3803 VII.

320 3829 442 3896 Utinam
464 3829 504 3902 is,
527 3829 642 3888 utinam
658 3829 690 3886 in
710 3828 841 3888 aetheris
861 3846 934 3888 ores
