3000 4725
584 632 738 728 Q-

221 795 296 853 Irrita
314 816 391 872 quaa
412 798 528 875 rapidis
546 799 652 859 iactari
673 801 746 859 dicit
769 800 800 858 in
824 801 932 861 undis:

253 881 381 942 Alterius
408 884 526 961 gremio
547 885 627 943 hunc
651 903 722 943 acca
744 885 883 943 Lucerna
904 887 1000 947 videa.

609 970 713 1027 Aliter.

219 1046 277 1107 Non
294 1050 371 1110 nlius
391 1052 493 1125 nobis,
511 1070 579 1111 cum
599 1054 721 1113 foedera
744 1054 901 1113 sanximus
924 1055 1025 1130 ambo,

253 1133 345 1209 Quam
371 1145 404 1195 tu
422 1136 494 1195 Nox
510 1140 610 1211 teatin,
631 1147 724 1215 tuque
742 1138 892 1213 Lucerna,
911 1139 976 1197 fuit.

219 1215 368 1280 Sanximua
388 1222 562 1293 unanimca3
584 1242 654 1301 ago,
673 1242 722 1281 ma
743 1222 799 1283 hoc
816 1244 878 1282 non
892 1241 987 1300 possa
999 1242 1115 1285 careret

251 1303 307 1362 Hic
327 1306 396 1366 fore
418 1326 467 1365 me
488 1314 595 1382 (taatcs
615 1309 691 1367 attia
711 1306 850 1386 uterque)
875 1326 971 1369 auam.

217 1386 267 1446 Hic
285 1409 364 1449 nunc
385 1393 596 1467 traditaque,
625 1393 700 1451 mihi
722 1412 799 1468 quae
820 1392 930 1453 iuravit
950 1394 1073 1453 amanti.

250 1473 336 1533 Hunc
353 1476 434 1535 aliua
454 1477 524 1552 (aad
544 1486 575 1535 ta
597 1485 686 1551 teate,
707 1478 861 1557 Lucerna)
882 1480 995 1537 fovent.

485 1638 583 1704 Οὔπω
609 1664 658 1704 σοι
680 1643 834 1707 καλόκων.
1022 1646 1118 1725 :(91)

217 1723 367 1804 Virgineae
390 1749 448 1788 nec
470 1729 559 1804 pubis
581 1730 645 1788 hiat
666 1730 737 1789 dnm
758 1731 816 1791 flos
837 1732 907 1789 tibi=
930 1733 1076 1791 necdum

250 1814 392 1873 Autumni
414 1816 488 1874 livet
509 1814 648 1889 primitus
667 1835 726 1873 uva
747 1816 807 1874 tui:

217 1891 281 1954 Cum
300 1908 405 1958 tamen
424 1918 494 1959 acar
513 1901 608 1957 Amor
628 1900 709 1957 acuit
729 1901 791 1957 iam
810 1907 878 1959 cote
900 1900 1065 1978 sagittaa[,]

250 1979 403 2058 Lysidicc‚
423 1993 455 2043 at
474 1984 567 2043 tacito
589 1985 717 2043 ventilat
737 1986 809 2063 igno
832 1986 925 2043 faoes.
1032 2052 1035 2061 ¹

216 2064 256 2121 Ah
275 2068 381 2147 fugite,
404 2069 556 2141 ominari,
581 2069 651 2127 dum
672 2089 734 2128 non
756 2070 827 2128 ferit
847 2089 946 2144 arcus,
967 2078 1118 2130 amantasa

250 2149 340 2224 Quum
361 2173 492 2232 magnos
514 2173 588 2212 mox
612 2162 659 2212 eat
680 2155 828 2231 flam[m]a
850 2156 954 2213 datura
975 2174 1079 2233 rogos.

493 2319 584 2404 Ψυχή
607 2342 660 2404 μοι
678 2320 832 2404 προλέγει.
953 2330 955 2337 ’
1023 2321 1118 2405 ζ(92)

216 2397 355 2467 Praedicit
373 2409 449 2467 mihi
471 2410 581 2467 dudum
601 2409 720 2468 animus
744 2417 949 2469 memorante
971 2409 1119 2470 malorum

252 2488 290 2548 Ut
312 2494 429 2572 fugium
450 2495 599 2565 flammae,
623 2493 804 2568 Heliodora,
827 2503 904 2552 tuas.

216 2567 303 2636 Dicit:
323 2579 410 2638 nullu
428 2579 518 2656 fugae
539 2587 640 2636 tamen
661 2587 708 2638 aat
726 2580 788 2638 via:
811 2597 871 2654 quo
893 2578 990 2656 magis
1013 2597 1082 2637 acar

250 2658 304 2720 Ille
325 2672 447 2735 monat3
467 2665 564 2742 magia
587 2664 646 2721 hoc
664 2663 856 2740 impatienter
876 2671 966 2721 amat.

498 2824 629 2892 ‘Occu‘xi
651 2826 817 2910 liuttici.
1024 2830 1120 2910 ζ(93)

215 2911 257 2969 Ah
276 2919 396 2992 quoties
416 2918 516 2976 audax
538 2936 619 2975 nunc
641 2917 721 2974 clara
739 2916 819 2988 luce,
842 2915 898 2974 sub
918 2914 1020 2991 ipsum
1067 2923 1075 2952 ·

252 2997 391 3077 Cydillae
412 3003 492 3075 veni,
513 3020 593 3060 nunc
616 3021 673 3079 ego
695 3007 797 3073 nocta,
820 3001 919 3059 sinum
926 3020 934 3070 ς

216 3077 268 3140 Per
285 3106 435 3164 praecepa
452 3086 682 3160 toties‚'fataor‚
704 3086 834 3164 vestigia
854 3086 927 3162 figo,

250 3168 288 3228 Iit
310 3173 405 3232 toties
429 3171 522 3249 capiti
547 3180 594 3230 eat
614 3171 683 3228 alea
702 3171 783 3228 iacta
803 3189 882 3228 meo.

217 3246 384 3322 Quintum?
398 3276 487 3316 omna
499 3257 590 3316 cudat
600 3274 715 3315 amans.
728 3258 824 3315 Amor
835 3255 893 3311 huc
907 3271 996 3328 quem
1006 3261 1119 3328 versat,

866 3347 897 3396 ct
913 3337 985 3395 illuc

254 3420 405 3500 Cumque:
422 3445 479 3485 nac
499 3428 531 3484 in
549 3427 666 3486 aumnia
686 3425 801 3503 cogitat
821 3423 873 3480 ille
897 3431 1019 3482 matum.

411 3588 579 3673 Ἑξήκοντα
600 3595 685 3654 τελεῖ
705 3589 843 3672 Χαριτὼ.
1028 3591 1118 3670 iffi)

217 3668 295 3736 Haec
317 3680 424 3758 agitur,
447 3679 581 3754 Obarito,
604 3680 659 3738 tibi
679 3678 871 3755 sexagesima
889 3677 1012 3750 messia,

252 3759 291 3821 lit
309 3773 412 3823 manet
429 3765 461 3823 in
483 3765 578 3843 nigris
602 3764 735 3823 crinibus
757 3761 809 3820 ille
830 3771 933 3822 tenor:

218 3836 278 3904 Nec
297 3850 380 3930 rugia
401 3849 536 3910 sulcatur
554 3850 651 3909 adhuc
672 3849 749 3908 cutia
773 3867 892 3926 uapara.
916 3845 1058 3916 Suadam,
