3000 4725
727 626 878 721 -111-

355 794 523 855 Oommune
545 795 647 873 magni
669 802 763 853 matre
785 814 853 855 cum
874 794 1074 871 Sarpedonis,

279 881 344 938 1085
355 878 439 953 Quas
461 887 573 955 pontus
596 878 715 952 Helles,
739 900 813 955 quas
836 889 937 956 petrae
962 879 1191 959 Symplegades,

355 965 439 1040 Quas
463 962 682 1041 Salmydissus‚
710 984 787 1039 quas
809 966 982 1041 inhospitas
1001 966 1099 1041 liquor

354 1048 476 1126 Scythis
498 1050 688 1127 propinquus
710 1050 828 1127 rupium
853 1059 935 1108 arcet
957 1052 1055 1122 obice,

355 1134 529 1209 Tanaisque
551 1134 635 1193 nullo
657 1135 809 1213 gurgitum
830 1135 968 1213 contagio

354 1219 487 1277 Mediam
506 1219 646 1295 paludem
668 1219 839 1291 dissecans,
863 1232 977 1297 gratam
996 1220 1107 1279 incolis

279 1304 465 1381 1290Algum
490 1312 520 1361 et
538 1304 681 1380 pedarnm
706 1305 870 1379 perniones
892 1304 1046 1377 flentibus,

355 1390 396 1449 Ut
418 1389 513 1465 primo
536 1398 662 1465 pereant
683 1387 787 1448 Carnii
809 1397 920 1447 nautae
940 1409 1043 1463 canes,

355 1472 414 1547 Qui
439 1474 539 1533 fronte
561 1475 637 1533 roba
658 1474 867 1533 tauriformem
889 1475 1035 1552 virginem

354 1559 494 1635 Rapuere
515 1560 633 1617 Lernes
653 1558 812 1617 institores
829 1560 970 1635 improbi,

357 1642 507 1720 Sponsam
530 1644 633 1702 ruinas
656 1643 735 1701 ferre
758 1644 917 1721 Memphiti
938 1644 1017 1719 duci,
1041 1692 1045 1698 .

281 1728 429 1791 1005011ἰί
452 1737 607 1793 moventes
631 1728 717 1807 signa
739 1729 858 1804 utrique
880 1728 981 1787 littori.

355 1812 496 1889 Namque
519 1821 550 1871 et
569 1814 696 1890 rapinae
717 1813 930 1872 contumeliam
953 1833 1074 1892 gravem

356 1898 505 1957 Florentis
531 1898 605 1955 Idae
628 1899 860 1974 expostulantes
882 1899 1001 1957 incolae

357 1982 495 2055 curetes,
520 1982 656 2041 exarlere
679 1984 826 2060 captivam
849 1984 954 2041 boram

356 2069 489 2127 Paronis
511 2068 592 2126 intra
613 2068 802 2128 taurifrontis
823 2068 943 2126 alveum

282 2160 350 2217 1300
358 2153 406 2213 Ad
429 2162 535 2212 sancta
556 2154 670 2230 templa
689 2153 848 2230 coniugem
868 2151 1040 2229 Saraptiam

356 2238 486 2297 Dictaea
508 2236 613 2297 Cretes
637 2236 777 2298 Stellioni
795 2237 936 2314 principi.

359 2321 427 2382 Neo
450 2323 509 2382 risi
529 2324 641 2382 habere
664 2331 722 2395 sat,
739 2322 874 2382 'ferentes
894 2342 950 2400 par
970 2324 1045 2399 pari,

356 2408 493 2467 Ductcre
517 2408 636 2467 Teucro
659 2410 715 2468 sed
733 2427 874 2485 rapacem
894 2410 1058 2468 exercitum

357 2493 468 2551 Teucri
487 2491 673 2552 Scamandro
698 2513 766 2552 cum
788 2502 913 2570 parente
932 2493 1067 2553 Draucio

282 2585 347 2641 1305
357 2579 469 2637 Misere
491 2579 531 2636 ad
553 2579 635 2637 alma
656 2579 825 2656 Bebryoum
848 2579 982 2653 novalia,

355 2663 476 2723 Bellum
499 2663 632 2723 ferentes
656 2665 809 2722 muribus:
833 2683 959 2740 qnorum
980 2673 1049 2722 satu

358 2747 487 2809 Generis
509 2749 630 2822 creasti,
650 2748 805 2821 Dardana,
829 2758 949 2808 autores
969 2749 1040 2821 mai,

356 2834 481 2893 Ducens
507 2835 642 2910 puellam
665 2833 821 2906 Cressam,
844 2833 986 2892 Arisbam
1009 2833 1157 2899 nobilem.

358 2918 498 2980 Secundo
521 2919 594 2977 item
615 2919 726 2977 misere
747 2919 867 2977 furaces
889 2918 990 2993 lupos,

283 3003 400 3064 1010111
419 3004 570 3081 uniplotio
592 3004 689 3063 vellus
714 3012 853 3061 evertant
873 3003 952 3075 duci,

359 3087 506 3148 Servabat
526 3089 588 3146 acri
607 3090 689 3164 quod
711 3089 803 3148 draco
826 3087 981 3148 custodia:

352 3173 417 3246 -Qni
438 3193 504 3232 cum
525 3173 651 3251 Cyteam
673 3175 790 3232 venerit
808 3173 1008 3250 Libysticam,

356 3259 397 3316 Et
417 3259 628 3333 quadrinarem
651 3259 776 3334 sopiens
795 3259 858 3316 offa
876 3260 975 3330 boam,

357 3343 550 3401 vomentium
570 3344 657 3422 ignes
680 3344 826 3419 presserit
844 3343 977 3401 dentalia

283 3427 442 3490 1315Urva
461 3429 613 3502 italorum,
634 3429 732 3487 elixus
750 3427 860 3486 immiti
879 3447 964 3505 rogo,
1043 3477 1048 3486 .

357 3512 431 3572 Non
453 3514 578 3573 abstulit
596 3514 726 3572 libenter
745 3513 843 3590 arrigi
860 3521 969 3586 cotem,

359 3597 421 3659 Sed
444 3607 475 3656 et
491 3598 642 3656 bidentem
665 3606 774 3676 sponte
793 3606 959 3657 sectantem
978 3597 1134 3670 auferens,

359 3682 613 3756 Germanicidam‚
634 3684 807 3758 pestitatem
831 3683 972 3754 liberam,

358 3770 450 3828 Pioae
472 3769 510 3827 ad
532 3767 671 3842 loquacis
693 3768 812 3826 alveum
835 3767 977 3846 aurigans
998 3766 1076 3838 tulit,

283 3864 350 3920 1300
359 3855 532 3914 Humanum
553 3854 591 3910 ab
615 3853 685 3910 altis
707 3851 895 3912 Ohaoniticis
918 3871 1027 3912 sonam
