3000 4725
742 667 893 764 -Q-

364 831 410 898 Τὰ
435 839 512 898 σῦκα
535 837 623 910 σῦκα,
642 834 696 917 τὴν
721 834 841 918 σκάφην
867 833 986 918 σκάφην
1010 831 1105 916 λίγα.

364 915 411 981 Τὰ
431 917 566 1003 χρήματ’
587 916 745 1002 Αἰσχίνου
768 941 801 982 τε
822 918 874 981 καὶ
889 916 1073 1000 Θεαγένους.

363 998 426 1066 Τδν
472 1007 541 1086 εἶρα
562 1001 770 1087 ποτιφέροντα
788 1001 841 1064 τὰν
864 1001 940 1064 θεὰν
963 1004 1073 1086 καλήν.

363 1026 535 1172 Τάργδριδν
560 1086 638 1149 ἐστιν
662 1087 739 1169 αίμα
761 1087 813 1151 καὶ
835 1087 920 1172 ψυχὴ
944 1087 1073 1172 βροτοῖς.

364 1169 498 1257 Τάριχος
518 1171 611 1239 ὀπτδς
630 1171 733 1251 εὐθὺς,
754 1171 792 1254 ἦν
815 1170 866 1255 ἴδῃ
888 1172 922 1234 τδ
944 1177 1015 1255 πῦρ.

363 1253 486 1365 Ταῦρος
508 1255 650 1402 δράκοντ’
676 1253 783 1333 ἔτικτε,
800 1255 852 1319 καὶ
872 1260 986 1339 ταῦρον
1008 1257 1140 1340 δράκων.

364 1337 433 1425 Τάχ
466 1341 513 1402 εἰσ
557 1339 635 1404 εσδα
659 1341 797 1423 μάντεων
820 1339 996 1423 ὑπέρτερον.

363 1421 429 1492 Τδς
446 1363 595 1507 κνημίδας
617 1430 662 1509 τῷ
683 1425 780 1508 κρατὶ,
803 1429 844 1508 τῇ
864 1425 964 1508 κνήμῃ
987 1427 1109 1509 κράνος.

364 1506 461 1594 Τείχή
485 1509 595 1594 σιδηρᾶ
619 1511 735 1591 μᾶλλον
760 1508 814 1571 εἶν’
840 1509 854 1531 '¹
879 1510 979 1592 γήϊνα.

364 1590 486 1656 Τέκτων
510 1592 568 1676 γὰρ
589 1594 631 1656 ὢν
654 1593 801 1676 ἔπραττες
824 1532 861 1655 οδ
884 1592 1075 1677 ξυλουργικά.

363 1673 496 1762 Τετράδι
516 1677 668 1760 γενηδεὶς,
691 1681 734 1745 ὡς
755 1674 834 1740 ἔοικ’
858 1675 965 1746 ἄλλοις
983 1684 1080 1742 πονῶ.

364 1758 466 1846 Τέχνη
490 1760 524 1823 τέ
547 1781 601 1844 νην
624 1759 757 1846 ἔστερξε,
780 1763 833 1824 καί
852 1758 929 1845 τάχη
951 1759 1058 1846 τάχην.
1133 1799 1137 1807 .

364 1842 413 1929 Τή
437 1846 491 1930 μὲν
514 1784 626 1929 δΤδιυμι
643 1848 737 1952 γειρὶ,
757 1851 797 1928 τή
819 1846 853 1908 δὲ
876 1848 1036 1933 λαμβάνω.

363 1926 470 2012 Τηλοῦ
493 1931 578 2015 φίλοι
600 1951 736 2000 ναιοντες
758 1931 815 1993 οὐκ
835 1931 894 1993 εἰσί
915 1930 1011 2014 φίλοι.

364 2010 427 2098 Τὴν
452 2014 529 2077 δαῖτ’
557 2013 656 2078 ὄνειον
681 2017 697 2078 δ
720 2012 843 2098 Σκάδης
868 2015 1031 2087 ἀκκίζεται.

364 2097 427 2181 Τὴν
448 2095 533 2184 χεῖρ’
561 2099 683 2185 ὑπίσχεο
707 2098 931 2183 κᾴποδνήσκιον
955 2098 1101 2168 Ἀττικός.

364 2181 428 2264 Τῆς
450 2183 626 2265 ἐπιμελείας
648 2185 746 2247 δοῦλα
769 2184 869 2247 πάντα
890 2184 1026 2268 γίνεται..

364 2266 405 2332 Τί
425 2266 482 2351 γὰρ
505 2271 635 2351 μακροῖς
655 2267 793 2331 αὐλοῖσιν
817 2267 954 2352 αδλήσαί
974 2269 1010 2352 μ’
1034 2268 1116 2348 ἔδεις

366 2350 406 2417 Τί
423 2352 500 2434 δῆτα
519 2355 623 2438 χεῖρες
645 2352 700 2417 οὐκ
724 2352 760 2417 ἂν
784 2352 989 2437 ἐργασαίατογ

366 2436 406 2502 Τί
424 2438 544 2521 μεγάλα
568 2439 792 2522 φροιμιάζομαι
813 2442 928 2522 μικρῶν
949 2439 1037 2523 σέρις

366 2519 406 2586 Τί
426 2520 461 2583 οὐ
485 2522 599 2605 γενήσῃ
626 2523 663 2605 δή
690 2523 764 2585 ποτ’
787 2522 844 2606 Ἀρ
868 2522 942 2591 έλας
964 2523 1034 2599 edm

366 2604 406 2671 Τί
425 2606 483 2669 οὐκ
504 2606 641 2689 ἀπήγξιο,
660 2606 710 2669 ἵνα
733 2605 844 2691 Θήβήσ
881 2608 967 2690 ἥρως
987 2607 1081 2691 γένγγς

367 2689 420 2759 Τίς
440 2690 497 2774 γδιρ
520 2689 680 2775 κατόπτρῳ
702 2692 755 2754 καὶ
774 2694 885 2775 τυφλοῖ
906 2692 1067 2768 κοινωνίας

366 2773 419 2844 Τίς
443 2775 505 2837 ἐστι
528 2776 640 2843 δοῦλος
657 2780 713 2839 τοῦ
735 2775 842 2839 δονεῖν
864 2798 1009 2859 αφροντις
1031 2778 1093 2854 ὤν;
1145 2797 1150 2811 ·

366 2858 444 2926 Τ6δ’
466 2860 619 2932 ἐξοπλίζει
639 2858 753 2929 τοῦπος
774 2859 923 2945 Ἀργείων
946 2863 1037 2924 λεών.

366 2943 445 3010 Τόδ’
466 2943 529 3007 ἔστι
549 2947 659 3029 πολλῷ
702 2946 832 3029 εῖζον,ή
854 2941 967 3027 Τροίαν
993 2946 1085 3009 ἑλεῖν.

367 3027 410 3093 Τδ
430 3028 466 3091 κέ
488 3029 541 3097 δος
561 3028 633 3109 ήδδ,
655 3040 709 3113 κήιν
737 3031 799 3093 σἰπδ
822 3029 945 3113 ψευδῶν
966 3028 1016 3113 ἔή.

367 3111 409 3177 Τδ
438 3052 492 3197 μίν
510 3113 546 3197 μ’
569 3112 674 3176 ἔλειπε
696 3118 791 3198 κῦμα,
810 3117 844 3178 τδ
868 3113 898 3175 δ’
924 3114 1197 3202 ἐγκατελάμβανεν.

366 3193 410 3261 Τὸ
435 3198 489 3281 μὲν
510 3199 664 3283 πάρεργον
689 3196 777 3282 ἔργον
803 3199 847 3266 ὣς
867 3197 1042 3282 ἡγοίμεθα,

408 3282 442 3343 τὸ
467 3280 499 3343 δ’
524 3280 612 3366 ἔργον
633 3286 676 3351 ὡς
697 3285 849 3366 πάρεργον
874 3282 1103 3367 ἐκπονοάμεδα.
1180 3362 1184 3370 1

368 3362 411 3428 Τὸ
434 3371 556 3449 πρῶτον
578 3368 622 3435 εἰς
647 3366 719 3436 τοὺς
737 3367 851 3436 παῖδας
872 3367 1018 3449 ἐζηλοῦτ’
1036 3367 1143 3454 Ἄρης.

230 3452 234 3461 '
368 3446 412 3512 Τδ
434 3450 540 3513 σκαιδν
564 3452 650 3534 ὄμμα
669 3452 862 3536 παραβαλὼν
882 3450 977 3514 θόνου
1001 3453 1097 3535 δίκην.

368 3530 413 3597 Τὸ
434 3534 575 3616 συγγενὲς
594 3535 652 3619 γδιρ
674 3536 726 3599 καὶ
748 3536 874 3619 φδυνεῖν
895 3536 1062 3599 ἐπίσταται.

368 3614 412 3682 Τδ
434 3617 524 3688 τέλος
546 3618 602 3701 ἅμ
625 3622 710 3704 ἀρχή
733 3620 827 3689 εὐθὺς
849 3619 886 3683 οδ
907 3621 1139 3706 καταφαίνεται.

368 3699 516 3771 Τοιοῦτός
539 3702 617 3765 ἐστιν
642 3704 750 3789 οἷσπερ
772 3705 881 3788 ήδεται
903 3708 1011 3769 συνὼν.

369 3783 443 3856 Τοῖς
461 3784 496 3850 εὖ
516 3793 665 3872 φρονοῦσι
689 3793 942 3935 συμπαραστατεῖ
958 3788 1047 3876 τάχη.

370 3868 518 3965 Τοιοῦτος
539 3872 581 3936 ὢν
606 3871 664 3936 οὐκ
684 3872 719 3935 ἄν
739 3872 771 3955 γ’
812 3876 863 3936 λοι
882 3872 971 3936 πόλιν
992 3872 1080 3937 ποτέ.
