<?xml version="1.0" encoding="UTF-8"?>
<!DOCTYPE html PUBLIC "-//W3C//DTD XHTML 1.0 Transitional//EN"
    "http://www.w3.org/TR/xhtml1/DTD/xhtml1-transitional.dtd">
<html xmlns="http://www.w3.org/1999/xhtml" xml:lang="en" lang="en">
 <head>
  <title>
</title>
<meta http-equiv="Content-Type" content="text/html;charset=utf-8" />
  <meta name='ocr-system' content='tesseract 3.04.00' />
  <meta name='ocr-capabilities' content='ocr_page ocr_carea ocr_par ocr_line ocrx_word'/>
</head>
<body>
  <div class='ocr_page' id='page_1' title='image "./iosephiscaliger00scalgoog_0273.png"; bbox 0 0 3000 4725; ppageno 0'>
   <div class='ocr_carea' id='block_1_1' title="bbox 624 626 775 720">
    <p class='ocr_par' dir='ltr' id='par_1_1' title="bbox 624 626 775 720">
     <span class='ocr_line' id='line_1_1' title="bbox 624 626 775 720; baseline 0 -36"><span class='ocrx_word' id='word_1_1' title='bbox 624 626 775 720; x_wconf 47' lang='lat' dir='ltr'>Q</span> 
     </span>
    </p>
   </div>
   <div class='ocr_carea' id='block_1_2' title="bbox 242 784 1157 1378">
    <p class='ocr_par' dir='ltr' id='par_1_2' title="bbox 242 784 1157 1378">
     <span class='ocr_line' id='line_1_2' title="bbox 497 784 1157 873; baseline 0.003 -21"><span class='ocrx_word' id='word_1_2' title='bbox 497 784 536 852; x_wconf 82' lang='grc' dir='ltr'>Ὁ</span> <span class='ocrx_word' id='word_1_3' title='bbox 558 790 626 872; x_wconf 83' lang='grc' dir='ltr'>πρὶν</span> <span class='ocrx_word' id='word_1_4' title='bbox 648 790 899 872; x_wconf 77' lang='grc' dir='ltr'><strong>ἀμαλθάκτοισιν.</strong></span> <span class='ocrx_word' id='word_1_5' title='bbox 1061 792 1157 873; x_wconf 60' lang='lat' dir='ltr'>EGO)</span> 
     </span>
     <span class='ocr_line' id='line_1_3' title="bbox 243 871 1116 953; baseline 0.009 -23"><span class='ocrx_word' id='word_1_6' title='bbox 243 871 297 931; x_wconf 87' lang='lat' dir='ltr'>llle</span> <span class='ocrx_word' id='word_1_7' title='bbox 318 892 376 951; x_wconf 82' lang='lat' dir='ltr'>ego</span> <span class='ocrx_word' id='word_1_8' title='bbox 398 885 500 936; x_wconf 86' lang='lat' dir='ltr'>mente</span> <span class='ocrx_word' id='word_1_9' title='bbox 521 877 587 936; x_wconf 86' lang='lat' dir='ltr'>iera</span> <span class='ocrx_word' id='word_1_10' title='bbox 605 879 656 952; x_wconf 87' lang='lat' dir='ltr'>qui</span> <span class='ocrx_word' id='word_1_11' title='bbox 678 878 830 952; x_wconf 90' lang='lat' dir='ltr'>quondam</span> <span class='ocrx_word' id='word_1_12' title='bbox 853 879 965 953; x_wconf 84' lang='lat' dir='ltr'><strong>pubere</strong></span> <span class='ocrx_word' id='word_1_13' title='bbox 986 878 1018 935; x_wconf 91' lang='lat' dir='ltr'>in</span> <span class='ocrx_word' id='word_1_14' title='bbox 1039 897 1116 938; x_wconf 85' lang='lat' dir='ltr'>aevo</span> 
     </span>
     <span class='ocr_line' id='line_1_4' title="bbox 282 958 1005 1040; baseline 0.004 -24"><span class='ocrx_word' id='word_1_15' title='bbox 282 958 475 1021; x_wconf 80' lang='lat' dir='ltr'>Flexanimis</span> <span class='ocrx_word' id='word_1_16' title='bbox 496 962 635 1039; x_wconf 77' lang='lat' dir='ltr'><strong>Paphiae</strong></span> <span class='ocrx_word' id='word_1_17' title='bbox 654 963 774 1040; x_wconf 83' lang='lat' dir='ltr'>legibue</span> <span class='ocrx_word' id='word_1_18' title='bbox 798 980 890 1039; x_wconf 80' lang='lat' dir='ltr'><strong>asper</strong></span> <span class='ocrx_word' id='word_1_19' title='bbox 912 980 1005 1035; x_wconf 87' lang='lat' dir='ltr'>eram,</span> 
     </span>
     <span class='ocr_line' id='line_1_5' title="bbox 242 1040 933 1125; baseline 0.012 -27"><span class='ocrx_word' id='word_1_20' title='bbox 242 1040 296 1100; x_wconf 90' lang='lat' dir='ltr'>llle</span> <span class='ocrx_word' id='word_1_21' title='bbox 318 1042 500 1122; x_wconf 79' lang='lat' dir='ltr'>Cupidineis</span> <span class='ocrx_word' id='word_1_22' title='bbox 522 1047 688 1124; x_wconf 86' lang='lat' dir='ltr'>impervius</span> <span class='ocrx_word' id='word_1_23' title='bbox 708 1055 779 1105; x_wconf 89' lang='lat' dir='ltr'>ante</span> <span class='ocrx_word' id='word_1_24' title='bbox 802 1048 933 1125; x_wconf 80' lang='lat' dir='ltr'>sagittis,</span> 
     </span>
     <span class='ocr_line' id='line_1_6' title="bbox 281 1128 1052 1209; baseline 0.006 -24"><span class='ocrx_word' id='word_1_25' title='bbox 281 1128 348 1186; x_wconf 89' lang='lat' dir='ltr'>Iam</span> <span class='ocrx_word' id='word_1_26' title='bbox 372 1132 478 1189; x_wconf 87' lang='lat' dir='ltr'>senior</span> <span class='ocrx_word' id='word_1_27' title='bbox 501 1140 554 1190; x_wconf 88' lang='lat' dir='ltr'>tua</span> <span class='ocrx_word' id='word_1_28' title='bbox 575 1150 625 1189; x_wconf 88' lang='lat' dir='ltr'>me</span> <span class='ocrx_word' id='word_1_29' title='bbox 649 1133 799 1209; x_wconf 84' lang='lat' dir='ltr'>subiuga</span> <span class='ocrx_word' id='word_1_30' title='bbox 819 1133 913 1203; x_wconf 81' lang='lat' dir='ltr'>mitto,</span> <span class='ocrx_word' id='word_1_31' title='bbox 938 1131 1052 1190; x_wconf 89' lang='lat' dir='ltr'>Venus.</span> 
     </span>
     <span class='ocr_line' id='line_1_7' title="bbox 242 1212 1079 1293; baseline 0.005 -24"><span class='ocrx_word' id='word_1_32' title='bbox 242 1212 353 1289; x_wconf 77' lang='lat' dir='ltr'>Accipe</span> <span class='ocrx_word' id='word_1_33' title='bbox 377 1234 427 1273; x_wconf 91' lang='lat' dir='ltr'>me</span> <span class='ocrx_word' id='word_1_34' title='bbox 446 1215 560 1276; x_wconf 86' lang='lat' dir='ltr'>ridens.</span> <span class='ocrx_word' id='word_1_35' title='bbox 582 1216 654 1275; x_wconf 89' lang='lat' dir='ltr'>Non</span> <span class='ocrx_word' id='word_1_36' title='bbox 678 1226 739 1275; x_wconf 89' lang='lat' dir='ltr'>tam</span> <span class='ocrx_word' id='word_1_37' title='bbox 763 1217 845 1293; x_wconf 89' lang='lat' dir='ltr'>prius</span> <span class='ocrx_word' id='word_1_38' title='bbox 864 1216 979 1292; x_wconf 84' lang='lat' dir='ltr'>inclyta</span> <span class='ocrx_word' id='word_1_39' title='bbox 1000 1216 1079 1275; x_wconf 88' lang='lat' dir='ltr'>malo</span> 
     </span>
     <span class='ocr_line' id='line_1_8' title="bbox 281 1297 1122 1378; baseline 0.004 -22"><span class='ocrx_word' id='word_1_40' title='bbox 281 1297 503 1376; x_wconf 75' lang='lat' dir='ltr'>Hesperidum,</span> <span class='ocrx_word' id='word_1_41' title='bbox 523 1318 614 1378; x_wconf 86' lang='lat' dir='ltr'>quarn</span> <span class='ocrx_word' id='word_1_42' title='bbox 635 1321 714 1360; x_wconf 89' lang='lat' dir='ltr'>nunc</span> <span class='ocrx_word' id='word_1_43' title='bbox 731 1302 813 1361; x_wconf 83' lang='lat' dir='ltr'>victa</span> <span class='ocrx_word' id='word_1_44' title='bbox 835 1302 972 1359; x_wconf 88' lang='lat' dir='ltr'>Minerva</span> <span class='ocrx_word' id='word_1_45' title='bbox 989 1302 1044 1359; x_wconf 93' lang='lat' dir='ltr'>tibi</span> <span class='ocrx_word' id='word_1_46' title='bbox 1067 1306 1122 1360; x_wconf 90' lang='lat' dir='ltr'>est.</span> 
     </span>
    </p>
   </div>
   <div class='ocr_carea' id='block_1_3' title="bbox 241 1464 1157 2223">
    <p class='ocr_par' dir='ltr' id='par_1_3' title="bbox 241 1464 1157 2223">
     <span class='ocr_line' id='line_1_9' title="bbox 515 1464 1157 1551; baseline 0 -23"><span class='ocrx_word' id='word_1_47' title='bbox 515 1464 576 1529; x_wconf 82' lang='lat' dir='ltr'>Nol</span> <span class='ocrx_word' id='word_1_48' title='bbox 595 1466 676 1551; x_wconf 80' lang='grc' dir='ltr'>τάχα</span> <span class='ocrx_word' id='word_1_49' title='bbox 699 1466 876 1548; x_wconf 62' lang='lat' dir='ltr'>roncaliae.</span> <span class='ocrx_word' id='word_1_50' title='bbox 1061 1468 1157 1549; x_wconf 64' lang='lat' dir='ltr'>opt)</span> 
     </span>
     <span class='ocr_line' id='line_1_10' title="bbox 241 1546 1128 1631; baseline 0.006 -24"><span class='ocrx_word' id='word_1_51' title='bbox 241 1546 307 1607; x_wconf 88' lang='lat' dir='ltr'>Nae</span> <span class='ocrx_word' id='word_1_52' title='bbox 329 1571 530 1629; x_wconf 85' lang='lat' dir='ltr'>quaecunque</span> <span class='ocrx_word' id='word_1_53' title='bbox 552 1554 635 1613; x_wconf 81' lang='lat' dir='ltr'>videt</span> <span class='ocrx_word' id='word_1_54' title='bbox 652 1554 795 1613; x_wconf 80' lang='lat' dir='ltr'><strong>‘Acheron</strong></span> <span class='ocrx_word' id='word_1_55' title='bbox 818 1554 991 1631; x_wconf 88' lang='lat' dir='ltr'>spectacula</span> <span class='ocrx_word' id='word_1_56' title='bbox 1013 1572 1128 1631; x_wconf 87' lang='lat' dir='ltr'>poenae</span> 
     </span>
     <span class='ocr_line' id='line_1_11' title="bbox 283 1636 981 1717; baseline 0.007 -23"><span class='ocrx_word' id='word_1_57' title='bbox 283 1636 494 1717; x_wconf 86' lang='lat' dir='ltr'>Tantaleae[‚]</span> <span class='ocrx_word' id='word_1_58' title='bbox 516 1640 631 1699; x_wconf 83' lang='lat' dir='ltr'>nostris</span> <span class='ocrx_word' id='word_1_59' title='bbox 653 1648 724 1698; x_wconf 90' lang='lat' dir='ltr'>sunt</span> <span class='ocrx_word' id='word_1_60' title='bbox 744 1640 860 1698; x_wconf 88' lang='lat' dir='ltr'>leviora</span> <span class='ocrx_word' id='word_1_61' title='bbox 882 1640 981 1699; x_wconf 85' lang='lat' dir='ltr'>malis.</span> 
     </span>
     <span class='ocr_line' id='line_1_12' title="bbox 241 1718 1107 1801; baseline 0.007 -24"><span class='ocrx_word' id='word_1_62' title='bbox 241 1718 320 1779; x_wconf 88' lang='lat' dir='ltr'>Nam</span> <span class='ocrx_word' id='word_1_63' title='bbox 343 1723 429 1781; x_wconf 92' lang='lat' dir='ltr'>nullo</span> <span class='ocrx_word' id='word_1_64' title='bbox 449 1725 641 1801; x_wconf 75' lang='lat' dir='ltr'>prohibente,</span> <span class='ocrx_word' id='word_1_65' title='bbox 662 1725 725 1783; x_wconf 92' lang='lat' dir='ltr'>suis</span> <span class='ocrx_word' id='word_1_66' title='bbox 744 1733 798 1782; x_wconf 85' lang='lat' dir='ltr'>tua</span> <span class='ocrx_word' id='word_1_67' title='bbox 819 1724 916 1797; x_wconf 76' lang='lat' dir='ltr'>labra,</span> <span class='ocrx_word' id='word_1_68' title='bbox 937 1724 1044 1783; x_wconf 86' lang='lat' dir='ltr'>videns</span> <span class='ocrx_word' id='word_1_69' title='bbox 1067 1732 1107 1795; x_wconf 81' lang='lat' dir='ltr'>te,</span> 
     </span>
     <span class='ocr_line' id='line_1_13' title="bbox 282 1804 1021 1893; baseline 0.004 -28"><span class='ocrx_word' id='word_1_70' title='bbox 282 1804 476 1881; x_wconf 71' lang='lat' dir='ltr'>consereret,</span> <span class='ocrx_word' id='word_1_71' title='bbox 498 1828 593 1866; x_wconf 88' lang='lat' dir='ltr'>verna</span> <span class='ocrx_word' id='word_1_72' title='bbox 612 1808 757 1866; x_wconf 89' lang='lat' dir='ltr'>lucidiora</span> <span class='ocrx_word' id='word_1_73' title='bbox 776 1828 860 1881; x_wconf 84' lang='lat' dir='ltr'>rosa,</span> <span class='ocrx_word' id='word_1_74' title='bbox 1015 1878 1021 1893; x_wconf 78' lang='lat'><em>.</em></span> 
     </span>
     <span class='ocr_line' id='line_1_14' title="bbox 243 1888 1156 1971; baseline 0.003 -24"><span class='ocrx_word' id='word_1_75' title='bbox 243 1888 391 1952; x_wconf 78' lang='lat' dir='ltr'>Tantalus</span> <span class='ocrx_word' id='word_1_76' title='bbox 415 1912 626 1953; x_wconf 85' lang='lat' dir='ltr'>aerumnosus.</span> <span class='ocrx_word' id='word_1_77' title='bbox 647 1896 688 1952; x_wconf 81' lang='lat' dir='ltr'>At</span> <span class='ocrx_word' id='word_1_78' title='bbox 708 1895 778 1951; x_wconf 89' lang='lat' dir='ltr'>huic</span> <span class='ocrx_word' id='word_1_79' title='bbox 799 1894 879 1971; x_wconf 91' lang='lat' dir='ltr'>lapis</span> <span class='ocrx_word' id='word_1_80' title='bbox 902 1893 1050 1952; x_wconf 85' lang='lat' dir='ltr'>imminet:</span> <span class='ocrx_word' id='word_1_81' title='bbox 1072 1892 1156 1950; x_wconf 89' lang='lat' dir='ltr'>illum</span> 
     </span>
     <span class='ocr_line' id='line_1_15' title="bbox 281 1975 1079 2053; baseline 0.001 -19"><span class='ocrx_word' id='word_1_82' title='bbox 281 1975 410 2037; x_wconf 83' lang='lat' dir='ltr'>Horret.</span> <span class='ocrx_word' id='word_1_83' title='bbox 433 1980 481 2035; x_wconf 90' lang='lat' dir='ltr'>Ita</span> <span class='ocrx_word' id='word_1_84' title='bbox 504 1986 559 2037; x_wconf 87' lang='lat' dir='ltr'>est.</span> <span class='ocrx_word' id='word_1_85' title='bbox 582 1980 693 2037; x_wconf 89' lang='lat' dir='ltr'>Iterum</span> <span class='ocrx_word' id='word_1_86' title='bbox 713 1978 769 2038; x_wconf 88' lang='lat' dir='ltr'>sed</span> <span class='ocrx_word' id='word_1_87' title='bbox 792 1979 896 2053; x_wconf 89' lang='lat' dir='ltr'>nequit</span> <span class='ocrx_word' id='word_1_88' title='bbox 917 1979 969 2036; x_wconf 93' lang='lat' dir='ltr'>ille</span> <span class='ocrx_word' id='word_1_89' title='bbox 992 1978 1079 2037; x_wconf 89' lang='lat' dir='ltr'>mori.</span> 
     </span>
     <span class='ocr_line' id='line_1_16' title="bbox 243 2064 953 2139; baseline 0.003 -20"><span class='ocrx_word' id='word_1_90' title='bbox 243 2064 281 2119; x_wconf 80' lang='lat' dir='ltr'>ut</span> <span class='ocrx_word' id='word_1_91' title='bbox 302 2064 395 2122; x_wconf 87' lang='lat' dir='ltr'>nobis</span> <span class='ocrx_word' id='word_1_92' title='bbox 418 2064 495 2122; x_wconf 80' lang='lat' dir='ltr'>vivis</span> <span class='ocrx_word' id='word_1_93' title='bbox 510 2064 664 2139; x_wconf 88' lang='lat' dir='ltr'>liquantur</span> <span class='ocrx_word' id='word_1_94' title='bbox 683 2064 818 2121; x_wconf 85' lang='lat' dir='ltr'>membra</span> <span class='ocrx_word' id='word_1_95' title='bbox 839 2064 953 2122; x_wconf 83' lang='lat' dir='ltr'>furore:</span> 
     </span>
     <span class='ocr_line' id='line_1_17' title="bbox 281 2146 1009 2223; baseline 0.005 -20"><span class='ocrx_word' id='word_1_96' title='bbox 281 2146 409 2207; x_wconf 90' lang='lat' dir='ltr'>Viribus</span> <span class='ocrx_word' id='word_1_97' title='bbox 434 2150 590 2208; x_wconf 84' lang='lat' dir='ltr'>exhaustis</span> <span class='ocrx_word' id='word_1_98' title='bbox 613 2167 696 2206; x_wconf 89' lang='lat' dir='ltr'>mors</span> <span class='ocrx_word' id='word_1_99' title='bbox 719 2149 900 2223; x_wconf 85' lang='lat' dir='ltr'>propiorque</span> <span class='ocrx_word' id='word_1_100' title='bbox 917 2150 1009 2207; x_wconf 83' lang='lat' dir='ltr'>venit.</span> 
     </span>
    </p>
   </div>
   <div class='ocr_carea' id='block_1_4' title="bbox 242 2311 1157 2904">
    <p class='ocr_par' dir='ltr' id='par_1_4' title="bbox 242 2311 1157 2904">
     <span class='ocr_line' id='line_1_18' title="bbox 469 2311 1157 2400; baseline 0 -23"><span class='ocrx_word' id='word_1_101' title='bbox 469 2311 818 2400; x_wconf 66' lang='grc' dir='ltr'>Ἐσβέοθηφλογεροῖο</span> <span class='ocrx_word' id='word_1_102' title='bbox 841 2314 946 2396; x_wconf 81' lang='grc' dir='ltr'>πυρὸς.</span> <span class='ocrx_word' id='word_1_103' title='bbox 1061 2318 1157 2397; x_wconf 62' lang='lat' dir='ltr'>tna)</span> 
     </span>
     <span class='ocr_line' id='line_1_19' title="bbox 242 2393 1156 2478; baseline 0.009 -24"><span class='ocrx_word' id='word_1_104' title='bbox 242 2393 374 2478; x_wconf 85' lang='lat' dir='ltr'>Dilapsa</span> <span class='ocrx_word' id='word_1_105' title='bbox 396 2411 444 2461; x_wconf 90' lang='lat' dir='ltr'>est</span> <span class='ocrx_word' id='word_1_106' title='bbox 462 2421 531 2461; x_wconf 89' lang='lat' dir='ltr'>mea</span> <span class='ocrx_word' id='word_1_107' title='bbox 551 2403 683 2476; x_wconf 81' lang='lat' dir='ltr'>flamma,</span> <span class='ocrx_word' id='word_1_108' title='bbox 704 2421 760 2461; x_wconf 91' lang='lat' dir='ltr'>nec</span> <span class='ocrx_word' id='word_1_109' title='bbox 775 2402 1024 2478; x_wconf 87' lang='lat' dir='ltr'>ampliuaaestuo</span> <span class='ocrx_word' id='word_1_110' title='bbox 1037 2405 1156 2478; x_wconf 80' lang='lat' dir='ltr'>morbo,</span> 
     </span>
     <span class='ocr_line' id='line_1_20' title="bbox 282 2485 953 2565; baseline 0.004 -23"><span class='ocrx_word' id='word_1_111' title='bbox 282 2485 319 2544; x_wconf 90' lang='lat' dir='ltr'>ln</span> <span class='ocrx_word' id='word_1_112' title='bbox 341 2488 472 2546; x_wconf 90' lang='lat' dir='ltr'>Veneris</span> <span class='ocrx_word' id='word_1_113' title='bbox 496 2489 615 2546; x_wconf 88' lang='lat' dir='ltr'>cineres</span> <span class='ocrx_word' id='word_1_114' title='bbox 638 2489 693 2548; x_wconf 87' lang='lat' dir='ltr'>sed</span> <span class='ocrx_word' id='word_1_115' title='bbox 713 2489 882 2565; x_wconf 80' lang='lat' dir='ltr'>tepefactus</span> <span class='ocrx_word' id='word_1_116' title='bbox 906 2505 953 2546; x_wconf 92' lang='lat' dir='ltr'>eo.</span> 
     </span>
     <span class='ocr_line' id='line_1_21' title="bbox 245 2567 1043 2648; baseline 0.006 -21"><span class='ocrx_word' id='word_1_117' title='bbox 245 2567 378 2631; x_wconf 87' lang='lat' dir='ltr'>Ossibus</span> <span class='ocrx_word' id='word_1_118' title='bbox 403 2581 432 2630; x_wconf 86' lang='lat' dir='ltr'>et</span> <span class='ocrx_word' id='word_1_119' title='bbox 451 2573 563 2648; x_wconf 90' lang='lat' dir='ltr'>penitis</span> <span class='ocrx_word' id='word_1_120' title='bbox 586 2574 667 2631; x_wconf 86' lang='lat' dir='ltr'>nuda</span> <span class='ocrx_word' id='word_1_121' title='bbox 689 2582 768 2646; x_wconf 87' lang='lat' dir='ltr'>cute,</span> <span class='ocrx_word' id='word_1_122' title='bbox 791 2573 902 2630; x_wconf 88' lang='lat' dir='ltr'>mentis</span> <span class='ocrx_word' id='word_1_123' title='bbox 927 2580 957 2629; x_wconf 91' lang='lat' dir='ltr'>et</span> <span class='ocrx_word' id='word_1_124' title='bbox 974 2573 1043 2632; x_wconf 90' lang='lat' dir='ltr'>imis</span> 
     </span>
     <span class='ocr_line' id='line_1_22' title="bbox 284 2653 993 2717; baseline 0 -2"><span class='ocrx_word' id='word_1_125' title='bbox 284 2653 435 2716; x_wconf 85' lang='lat' dir='ltr'>Sensibus</span> <span class='ocrx_word' id='word_1_126' title='bbox 458 2658 617 2717; x_wconf 87' lang='lat' dir='ltr'>insinuans</span> <span class='ocrx_word' id='word_1_127' title='bbox 640 2667 720 2716; x_wconf 89' lang='lat' dir='ltr'>errat</span> <span class='ocrx_word' id='word_1_128' title='bbox 742 2657 871 2715; x_wconf 85' lang='lat' dir='ltr'>anhelus</span> <span class='ocrx_word' id='word_1_129' title='bbox 896 2674 993 2715; x_wconf 88' lang='lat' dir='ltr'>amor:</span> 
     </span>
     <span class='ocr_line' id='line_1_23' title="bbox 245 2734 1082 2818; baseline 0.004 -23"><span class='ocrx_word' id='word_1_130' title='bbox 245 2734 376 2800; x_wconf 87' lang='lat' dir='ltr'>Victima</span> <span class='ocrx_word' id='word_1_131' title='bbox 397 2743 442 2800; x_wconf 94' lang='lat' dir='ltr'>sic</span> <span class='ocrx_word' id='word_1_132' title='bbox 460 2750 617 2818; x_wconf 86' lang='lat' dir='ltr'>postquam</span> <span class='ocrx_word' id='word_1_133' title='bbox 640 2751 687 2801; x_wconf 92' lang='lat' dir='ltr'>est</span> <span class='ocrx_word' id='word_1_134' title='bbox 703 2744 734 2800; x_wconf 90' lang='lat' dir='ltr'>in</span> <span class='ocrx_word' id='word_1_135' title='bbox 756 2742 852 2801; x_wconf 85' lang='lat' dir='ltr'>sacris</span> <span class='ocrx_word' id='word_1_136' title='bbox 874 2741 945 2817; x_wconf 86' lang='lat' dir='ltr'>igne</span> <span class='ocrx_word' id='word_1_137' title='bbox 967 2749 1082 2814; x_wconf 79' lang='lat' dir='ltr'>vorata,</span> 
     </span>
     <span class='ocr_line' id='line_1_24' title="bbox 285 2821 1030 2904; baseline -0.001 -19"><span class='ocrx_word' id='word_1_138' title='bbox 285 2821 400 2904; x_wconf 86' lang='lat' dir='ltr'>Sponte</span> <span class='ocrx_word' id='word_1_139' title='bbox 421 2846 475 2886; x_wconf 90' lang='lat' dir='ltr'>suo</span> <span class='ocrx_word' id='word_1_140' title='bbox 494 2827 618 2900; x_wconf 82' lang='lat' dir='ltr'>residet,</span> <span class='ocrx_word' id='word_1_141' title='bbox 642 2845 710 2885; x_wconf 89' lang='lat' dir='ltr'>cnm</span> <span class='ocrx_word' id='word_1_142' title='bbox 728 2835 813 2902; x_wconf 90' lang='lat' dir='ltr'>tepet</span> <span class='ocrx_word' id='word_1_143' title='bbox 835 2843 917 2896; x_wconf 80' lang='lat' dir='ltr'>esca,</span> <span class='ocrx_word' id='word_1_144' title='bbox 939 2825 1030 2884; x_wconf 88' lang='lat' dir='ltr'>furor.</span> 
     </span>
    </p>
   </div>
   <div class='ocr_carea' id='block_1_5' title="bbox 247 2989 1157 3750">
    <p class='ocr_par' dir='ltr' id='par_1_5' title="bbox 247 2989 1157 3750">
     <span class='ocr_line' id='line_1_25' title="bbox 503 2989 1157 3078; baseline 0 -24"><span class='ocrx_word' id='word_1_145' title='bbox 503 2989 630 3074; x_wconf 83' lang='grc' dir='ltr'>Ὤμοσα</span> <span class='ocrx_word' id='word_1_146' title='bbox 652 2994 810 3076; x_wconf 72' lang='grc' dir='ltr'>μιμνάζειν</span> <span class='ocrx_word' id='word_1_147' title='bbox 834 3013 900 3052; x_wconf 85' lang='lat' dir='ltr'>ceo.</span> <span class='ocrx_word' id='word_1_148' title='bbox 1061 2992 1157 3078; x_wconf 53' lang='lat'>1013)</span> 
     </span>
     <span class='ocr_line' id='line_1_26' title="bbox 247 3071 1004 3157; baseline 0.007 -26"><span class='ocrx_word' id='word_1_149' title='bbox 247 3071 386 3138; x_wconf 87' lang='lat' dir='ltr'>Iurabam</span> <span class='ocrx_word' id='word_1_150' title='bbox 407 3090 522 3153; x_wconf 88' lang='lat' dir='ltr'>sancte,</span> <span class='ocrx_word' id='word_1_151' title='bbox 545 3081 593 3139; x_wconf 90' lang='lat' dir='ltr'>bis</span> <span class='ocrx_word' id='word_1_152' title='bbox 615 3099 681 3153; x_wconf 85' lang='lat' dir='ltr'>aex,</span> <span class='ocrx_word' id='word_1_153' title='bbox 703 3099 760 3157; x_wconf 92' lang='lat' dir='ltr'>pro</span> <span class='ocrx_word' id='word_1_154' title='bbox 780 3080 894 3155; x_wconf 91' lang='lat' dir='ltr'>Iupiter</span> <span class='ocrx_word' id='word_1_155' title='bbox 915 3086 945 3135; x_wconf 90' lang='lat' dir='ltr'>et</span> <span class='ocrx_word' id='word_1_156' title='bbox 963 3079 1004 3151; x_wconf 84' lang='lat' dir='ltr'>di,</span> 
     </span>
     <span class='ocr_line' id='line_1_27' title="bbox 286 3161 922 3239; baseline -0.002 -17"><span class='ocrx_word' id='word_1_157' title='bbox 286 3161 357 3223; x_wconf 86' lang='lat' dir='ltr'>Lux</span> <span class='ocrx_word' id='word_1_158' title='bbox 376 3184 455 3239; x_wconf 82' lang='lat' dir='ltr'>mea,</span> <span class='ocrx_word' id='word_1_159' title='bbox 478 3165 622 3224; x_wconf 81' lang='lat' dir='ltr'>luciferos</span> <span class='ocrx_word' id='word_1_160' title='bbox 644 3165 723 3224; x_wconf 83' lang='lat' dir='ltr'>velle</span> <span class='ocrx_word' id='word_1_161' title='bbox 745 3183 847 3222; x_wconf 88' lang='lat' dir='ltr'>carere</span> <span class='ocrx_word' id='word_1_162' title='bbox 869 3163 922 3221; x_wconf 88' lang='lat' dir='ltr'>tui.</span> 
     </span>
     <span class='ocr_line' id='line_1_28' title="bbox 247 3241 1074 3327; baseline 0.006 -25"><span class='ocrx_word' id='word_1_163' title='bbox 247 3241 313 3305; x_wconf 91' lang='lat' dir='ltr'>Non</span> <span class='ocrx_word' id='word_1_164' title='bbox 333 3250 430 3324; x_wconf 90' lang='lat' dir='ltr'>potui.</span> <span class='ocrx_word' id='word_1_165' title='bbox 451 3251 529 3309; x_wconf 85' lang='lat' dir='ltr'>Visa</span> <span class='ocrx_word' id='word_1_166' title='bbox 546 3259 594 3309; x_wconf 90' lang='lat' dir='ltr'>est</span> <span class='ocrx_word' id='word_1_167' title='bbox 614 3250 667 3308; x_wconf 85' lang='lat' dir='ltr'>lux</span> <span class='ocrx_word' id='word_1_168' title='bbox 689 3250 810 3327; x_wconf 86' lang='lat' dir='ltr'>longior</span> <span class='ocrx_word' id='word_1_169' title='bbox 831 3248 927 3305; x_wconf 89' lang='lat' dir='ltr'>altera</span> <span class='ocrx_word' id='word_1_170' title='bbox 949 3247 996 3306; x_wconf 90' lang='lat' dir='ltr'>bis</span> <span class='ocrx_word' id='word_1_171' title='bbox 1020 3267 1074 3307; x_wconf 86' lang='lat' dir='ltr'>sex</span> 
     </span>
     <span class='ocr_line' id='line_1_29' title="bbox 286 3333 985 3410; baseline -0.004 -18"><span class='ocrx_word' id='word_1_172' title='bbox 286 3333 462 3394; x_wconf 72' lang='lat' dir='ltr'>Mensibust</span> <span class='ocrx_word' id='word_1_173' title='bbox 483 3335 588 3393; x_wconf 89' lang='lat' dir='ltr'>adiuro</span> <span class='ocrx_word' id='word_1_174' title='bbox 610 3343 699 3410; x_wconf 89' lang='lat' dir='ltr'>teque</span> <span class='ocrx_word' id='word_1_175' title='bbox 719 3342 863 3408; x_wconf 89' lang='lat' dir='ltr'>tuumque</span> <span class='ocrx_word' id='word_1_176' title='bbox 886 3340 985 3409; x_wconf 90' lang='lat' dir='ltr'>caput.</span> 
     </span>
     <span class='ocr_line' id='line_1_30' title="bbox 250 3411 1062 3496; baseline 0.005 -23"><span class='ocrx_word' id='word_1_177' title='bbox 250 3411 304 3490; x_wconf 87' lang='lat' dir='ltr'>Tu,</span> <span class='ocrx_word' id='word_1_178' title='bbox 325 3436 366 3476; x_wconf 88' lang='lat' dir='ltr'>ne</span> <span class='ocrx_word' id='word_1_179' title='bbox 383 3421 573 3496; x_wconf 87' lang='lat' dir='ltr'>perscribant</span> <span class='ocrx_word' id='word_1_180' title='bbox 592 3420 709 3478; x_wconf 85' lang='lat' dir='ltr'>ultricia</span> <span class='ocrx_word' id='word_1_181' title='bbox 730 3420 762 3476; x_wconf 90' lang='lat' dir='ltr'>in</span> <span class='ocrx_word' id='word_1_182' title='bbox 786 3437 918 3494; x_wconf 90' lang='lat' dir='ltr'>aequore</span> <span class='ocrx_word' id='word_1_183' title='bbox 941 3418 1062 3477; x_wconf 90' lang='lat' dir='ltr'>chartae</span> 
     </span>
     <span class='ocr_line' id='line_1_31' title="bbox 287 3501 935 3580; baseline -0.002 -19"><span class='ocrx_word' id='word_1_184' title='bbox 287 3501 366 3575; x_wconf 89' lang='lat' dir='ltr'>Hoc,</span> <span class='ocrx_word' id='word_1_185' title='bbox 389 3505 470 3580; x_wconf 86' lang='lat' dir='ltr'>quod</span> <span class='ocrx_word' id='word_1_186' title='bbox 488 3505 596 3578; x_wconf 84' lang='lat' dir='ltr'>iuravi,</span> <span class='ocrx_word' id='word_1_187' title='bbox 616 3506 672 3562; x_wconf 90' lang='lat' dir='ltr'>rite</span> <span class='ocrx_word' id='word_1_188' title='bbox 693 3522 820 3580; x_wconf 90' lang='lat' dir='ltr'>precare</span> <span class='ocrx_word' id='word_1_189' title='bbox 841 3502 935 3561; x_wconf 85' lang='lat' dir='ltr'>Deoe.</span> 
     </span>
     <span class='ocr_line' id='line_1_32' title="bbox 249 3583 1074 3664; baseline -0.004 -17"><span class='ocrx_word' id='word_1_190' title='bbox 249 3583 345 3664; x_wconf 75' lang='lat' dir='ltr'>Atque</span> <span class='ocrx_word' id='word_1_191' title='bbox 364 3590 424 3648; x_wconf 90' lang='lat' dir='ltr'>tuis</span> <span class='ocrx_word' id='word_1_192' title='bbox 445 3590 544 3648; x_wconf 90' lang='lat' dir='ltr'>mulce</span> <span class='ocrx_word' id='word_1_193' title='bbox 566 3609 625 3664; x_wconf 85' lang='lat' dir='ltr'>me,</span> <span class='ocrx_word' id='word_1_194' title='bbox 647 3588 771 3661; x_wconf 87' lang='lat' dir='ltr'>blanda,</span> <span class='ocrx_word' id='word_1_195' title='bbox 794 3588 962 3664; x_wconf 88' lang='lat' dir='ltr'>leporibus,</span> <span class='ocrx_word' id='word_1_196' title='bbox 984 3595 1074 3646; x_wconf 90' lang='lat' dir='ltr'>utne</span> 
     </span>
     <span class='ocr_line' id='line_1_33' title="bbox 288 3672 1017 3750; baseline -0.001 -20"><span class='ocrx_word' id='word_1_197' title='bbox 288 3672 340 3731; x_wconf 85' lang='lat' dir='ltr'>Me</span> <span class='ocrx_word' id='word_1_198' title='bbox 362 3692 503 3750; x_wconf 90' lang='lat' dir='ltr'>superum</span> <span class='ocrx_word' id='word_1_199' title='bbox 524 3675 653 3750; x_wconf 87' lang='lat' dir='ltr'>perdant</span> <span class='ocrx_word' id='word_1_200' title='bbox 673 3683 703 3732; x_wconf 90' lang='lat' dir='ltr'>et</span> <span class='ocrx_word' id='word_1_201' title='bbox 725 3682 778 3731; x_wconf 89' lang='lat' dir='ltr'>tua</span> <span class='ocrx_word' id='word_1_202' title='bbox 800 3673 896 3750; x_wconf 85' lang='lat' dir='ltr'>flagra</span> <span class='ocrx_word' id='word_1_203' title='bbox 918 3672 1017 3730; x_wconf 86' lang='lat' dir='ltr'>simul.</span> 
     </span>
    </p>
   </div>
   <div class='ocr_carea' id='block_1_6' title="bbox 897 3853 936 3913">
    <p class='ocr_par' dir='ltr' id='par_1_6' title="bbox 897 3853 936 3913">
     <span class='ocr_line' id='line_1_34' title="bbox 897 3853 936 3913; baseline 0 0"><span class='ocrx_word' id='word_1_204' title='bbox 897 3853 936 3913; x_wconf 83' lang='lat'>18</span> 
     </span>
    </p>
   </div>
   <div class='ocr_carea' id='block_1_7' title="bbox 0 0 1515 4725">
    <p class='ocr_par' dir='ltr' id='par_1_7' title="bbox 0 0 1515 4725">
     <span class='ocr_line' id='line_1_35' title="bbox 0 0 1515 4725; baseline 0 0"><span class='ocrx_word' id='word_1_205' title='bbox 0 0 1515 4725; x_wconf 95' lang='lat' dir='ltr'> </span> 
     </span>
    </p>
   </div>
  </div>
 </body>
</html>
