3000 4725
723 573 874 667 ,002-

1317 447 1318 476 l

1317 569 1318 638 l

352 742 470 803 Tamen
492 740 608 801 timoris
630 748 661 799 et
682 740 757 799 mibi
778 749 898 801 constet
918 742 1035 801 modus.

277 826 343 879 1โฐ85
353 827 384 886 N
386 846 421 884 eo
443 834 500 899 est,
521 826 601 902 quod
621 826 674 884 ubi
693 826 766 901 quid
787 826 912 904 egerim,
935 835 969 884 ut
987 828 1063 887 mihi
1084 827 1122 886 sit
1137 825 1231 901 bene[,]
1317 823 1318 916 l

352 912 422 971 Non
445 920 476 969 et
497 910 662 987 rependam
684 912 840 984 tantidem,
861 918 894 969 ut
913 912 987 969 mibi
1010 912 1052 973 sit
1073 912 1156 971 male.
1317 923 1318 948 ยน

351 997 545 1057 Vicissitates
566 997 641 1054 haee
661 996 784 1055 habeut.
806 997 867 1055 iste
887 1005 978 1055 antea

350 1083 446 1141 Festo
465 1082 613 1139 tumebat:
635 1100 715 1139 nuuo
738 1100 794 1159 ego
811 1082 909 1141 fastus
930 1101 1013 1159 gero.

352 1168 400 1225 Ite
419 1167 560 1225 funerare
581 1166 661 1224 buno
683 1186 777 1243 opere
795 1185 940 1225 maxumo
963 1174 1044 1239 veto,

279 1254 348 1309 1090
356 1250 406 1310 Ne
423 1259 453 1309 et
473 1250 552 1328 ipse,
574 1250 644 1309 dum
666 1252 759 1311 istum
778 1251 913 1324 funerus,
936 1252 1028 1309 funus
1050 1250 1128 1309 iuss.

353 1335 408 1395 Ob.
452 1336 603 1410 Menelae,
626 1354 666 1393 ne
683 1345 755 1411 post
775 1336 857 1394 diota
873 1337 1030 1413 sapienter
1049 1343 1101 1394 tue

288 1450 306 1478 a
352 1420 492 1479 videaris
514 1422 583 1497 ipse
602 1420 771 1481 iniuriosus
793 1422 933 1480 mortuis.

352 1505 429 1564 Teu.
470 1504 524 1563 Nil
543 1506 663 1578 mirum,
686 1506 786 1578 amici,
809 1506 837 1565 si
859 1505 931 1580 quid
952 1524 1053 1565 errare
1074 1504 1204 1566 assolent

352 1589 504 1650 Homines
525 1609 580 1648 neo
602 1591 673 1649 ullis
692 1591 799 1649 incluti
820 1591 991 1649 natalibus:

276 1681 344 1735 1095
354 1675 607 1751 Quandoquidem
627 1683 656 1733 et
678 1684 780 1733 errant
799 1675 912 1735 talibus
934 1675 1034 1734 verbis
1058 1676 1116 1733 riri

353 1760 494 1838 Propage
516 1760 663 1833 celebres,
684 1768 774 1836 atque
799 1760 920 1819 nobiles
942 1760 1034 1818 domi.

353 1846 488 1904 Primum
509 1846 568 1905 hoo
590 1845 664 1903 mihi
683 1846 784 1919 inque.
806 1846 883 1904 diois
904 1845 1004 1904 isthuc
1024 1852 1055 1902 te
1078 1845 1173 1903 virum

353 1931 495 2004 Adduxe,
516 1930 640 1989 Achivis
659 1931 759 1989 socius
781 1949 931 1988 armorum
954 1939 987 1988 ut
1006 1929 1108 1989 foret?

353 2013 427 2074 Non
448 2016 591 2092 ipseper
614 2034 647 2073 se
670 2015 763 2086 venit,
787 2015 916 2091 imperio
940 2014 1016 2073 suo?

277 2103 345 2157 1100
353 2099 442 2158 Tune
463 2100 627 2177 imperator
650 2099 715 2159 eius
736 2112 785 2171 es,
810 2100 861 2174 qui
880 2099 1033 2177 gentibus,

355 2184 473 2259 Quibus
492 2184 549 2242 fuit
570 2185 631 2243 dux
651 2184 715 2257 ille,
737 2185 839 2243 nullus
860 2184 1004 2260 imperas.

352 2268 422 2327 Non
445 2276 605 2327 nosteros
627 2268 689 2326 dux
712 2270 790 2344 ipse,
813 2270 869 2329 sed
890 2268 1020 2346 Spartae
1040 2269 1182 2346 imperas.

352 2352 420 2412 Neo
437 2362 484 2412 est
506 2351 638 2428 quodid
662 2354 702 2413 sit
725 2356 900 2414 attributum
920 2355 969 2414 ius
989 2353 1054 2427 tibi,

352 2439 394 2498 Ut
413 2438 579 2515 imperares
600 2439 704 2514 potius
729 2441 769 2512 ei,
792 2459 883 2516 quam
905 2448 938 2497 ut
961 2440 989 2500 is
1011 2438 1066 2498 tibi

277 2525 344 2579 1105
355 2523 528 2596 Obnoxius,
548 2543 607 2582 nou
631 2524 797 2600 imperator
819 2525 952 2585 omnium

352 2609 483 2681 Venisti,
503 2616 536 2666 ut
553 2609 676 2667 Aiacem
696 2610 822 2684 obsequi
842 2610 899 2668 tibi
918 2609 1066 2687 postules.

353 2694 489 2769 Quorum
510 2693 579 2770 ipse
598 2713 655 2752 rex
674 2712 719 2766 es,
741 2695 800 2753 hos
821 2714 907 2772 rege:
931 2693 1060 2770 imperio
1078 2694 1112 2752 in
1134 2713 1184 2753 eos

351 2779 540 2856 Magnidious
561 2778 665 2837 inhibe
685 2780 800 2855 gravia.
825 2799 882 2857 ego
902 2779 992 2852 hune,
1014 2797 1069 2838 seu
1090 2788 1124 2837 tu
1145 2785 1239 2850 vetas,

353 2862 416 2924 Seu
436 2872 561 2941 praetor
581 2864 670 2936 alius,
689 2864 747 2922 rite
768 2864 891 2922 tandem
913 2873 944 2922 et
964 2863 1071 2922 ordine

277 2953 344 3006 1110
354 2947 491 3008 Condam
513 2949 673 3025 sepulchro
695 2949 739 3006 nil
756 2957 824 3023 tuas
847 2949 961 3007 veritus
983 2949 1093 3008 minas.

352 3032 426 3092 Non
447 3035 599 3093 faemiuae
620 3041 691 3091 tuae
711 3053 785 3111 ergo
806 3035 834 3094 is
855 3035 913 3092 buo
938 3034 1090 3110 profectus
1114 3041 1170 3102 est,

351 3117 394 3177 Ut
415 3121 557 3197 gravibus
579 3126 737 3178 auctorata
758 3137 834 3197 gens
850 3119 1011 3196 periculis,

352 3201 413 3262 Sed
433 3206 472 3262 ob
495 3212 644 3263 sacratum
664 3204 723 3276 ius,
745 3204 890 3279 Iovisque
912 3206 1063 3282 sagmina,

352 3285 423 3344 Non
444 3290 480 3346 ob
503 3296 546 3345 te:
565 3297 598 3346 ut
617 3297 647 3346 et
670 3289 721 3362 qui
742 3289 830 3347 nihili
850 3289 959 3350 inanes
978 3289 1134 3366 penderet.

278 3380 345 3434 1115
355 3369 476 3447 stipare
499 3373 537 3430 ad
555 3373 616 3431 ista
637 3372 776 3448 plurimis
797 3375 1015 3451 praeconibus,

352 3454 500 3514 Necnon
523 3457 598 3516 dune
619 3457 704 3534 ipso:
725 3466 757 3516 tu
778 3467 918 3536 strepens
941 3459 985 3518 nil
1007 3479 1056 3518 me
1078 3476 1191 3517 moves.

352 3540 414 3599 Per
435 3561 482 3600 me
503 3541 622 3614 quidem
639 3543 695 3601 tibi
719 3559 788 3604 esse
806 3563 884 3618 eum,
907 3546 960 3619 qui
980 3545 1036 3617 sis,
1058 3545 1138 3602 lieet

351 3627 433 3684 Men.
475 3625 685 3686 Periculosum
707 3636 755 3688 est
772 3629 847 3687 talia
865 3631 897 3688 in
918 3629 1007 3689 malis
1029 3629 1119 3703 loqui.

352 3710 428 3784 Teu,
472 3712 602 3783 Acerba,
622 3713 760 3787 quamvis
780 3733 889 3788 eoquo,
911 3716 1005 3774 verba
1023 3714 1174 3796 pellicent.

184 3787 185 3880 l
276 3805 344 3859 1100
351 3797 433 3856 Men.
475 3797 516 3856 Et
535 3796 660 3874 gloriari
677 3799 839 3874 plurimum
858 3799 1030 3860 arcitenens
1050 3799 1135 3858 solet.
