<?xml version="1.0" encoding="UTF-8"?>
<!DOCTYPE html PUBLIC "-//W3C//DTD XHTML 1.0 Transitional//EN"
    "http://www.w3.org/TR/xhtml1/DTD/xhtml1-transitional.dtd">
<html xmlns="http://www.w3.org/1999/xhtml" xml:lang="en" lang="en">
 <head>
  <title>
</title>
<meta http-equiv="Content-Type" content="text/html;charset=utf-8" />
  <meta name='ocr-system' content='tesseract 3.04.00' />
  <meta name='ocr-capabilities' content='ocr_page ocr_carea ocr_par ocr_line ocrx_word'/>
</head>
<body>
  <div class='ocr_page' id='page_1' title='image "./iosephiscaliger00scalgoog_0117.png"; bbox 0 0 3000 4725; ppageno 0'>
   <div class='ocr_carea' id='block_1_1' title="bbox 642 630 701 689">
    <p class='ocr_par' dir='ltr' id='par_1_1' title="bbox 642 630 701 689">
     <span class='ocr_line' id='line_1_1' title="bbox 642 630 701 689; baseline -0.034 0"><span class='ocrx_word' id='word_1_1' title='bbox 642 630 701 689; x_wconf 82' lang='lat'>117</span> 
     </span>
    </p>
   </div>
   <div class='ocr_carea' id='block_1_2' title="bbox 597 715 747 726">
    <p class='ocr_par' dir='ltr' id='par_1_2' title="bbox 597 715 747 726">
     <span class='ocr_line' id='line_1_2' title="bbox 597 715 747 726; baseline 0 -2"><span class='ocrx_word' id='word_1_2' title='bbox 597 715 747 726; x_wconf 88' lang='lat'>—-</span> 
     </span>
    </p>
   </div>
   <div class='ocr_carea' id='block_1_3' title="bbox 227 796 898 961">
    <p class='ocr_par' dir='ltr' id='par_1_3' title="bbox 227 796 898 961">
     <span class='ocr_line' id='line_1_3' title="bbox 227 796 861 876; baseline 0.006 -22"><span class='ocrx_word' id='word_1_3' title='bbox 227 796 354 856; x_wconf 76' lang='lat' dir='ltr'><strong>Laudare</strong></span> <span class='ocrx_word' id='word_1_4' title='bbox 376 798 515 875; x_wconf 76' lang='lat' dir='ltr'>quemvis</span> <span class='ocrx_word' id='word_1_5' title='bbox 535 806 568 856; x_wconf 94' lang='lat' dir='ltr'>ut</span> <span class='ocrx_word' id='word_1_6' title='bbox 588 799 719 857; x_wconf 80' lang='lat' dir='ltr'>libenter</span> <span class='ocrx_word' id='word_1_7' title='bbox 739 799 861 876; x_wconf 70' lang='lat' dir='ltr'>diliges,</span> 
     </span>
     <span class='ocr_line' id='line_1_4' title="bbox 227 881 898 961; baseline 0.006 -23"><span class='ocrx_word' id='word_1_8' title='bbox 227 881 347 940; x_wconf 75' lang='lat' dir='ltr'>Laudari</span> <span class='ocrx_word' id='word_1_9' title='bbox 370 882 485 943; x_wconf 87' lang='lat' dir='ltr'>abillo</span> <span class='ocrx_word' id='word_1_10' title='bbox 509 882 588 942; x_wconf 85' lang='lat' dir='ltr'>valle</span> <span class='ocrx_word' id='word_1_11' title='bbox 609 891 652 956; x_wconf 88' lang='lat' dir='ltr'>te,</span> <span class='ocrx_word' id='word_1_12' title='bbox 675 901 764 959; x_wconf 89' lang='lat' dir='ltr'>quem</span> <span class='ocrx_word' id='word_1_13' title='bbox 785 883 898 961; x_wconf 76' lang='lat' dir='ltr'>diligis.</span> 
     </span>
    </p>
   </div>
   <div class='ocr_carea' id='block_1_4' title="bbox 224 1055 1059 1474">
    <p class='ocr_par' dir='ltr' id='par_1_4' title="bbox 225 1055 1031 1306">
     <span class='ocr_line' id='line_1_5' title="bbox 227 1055 1031 1137; baseline 0.005 -23"><span class='ocrx_word' id='word_1_14' title='bbox 227 1055 268 1116; x_wconf 88' lang='grc'>26.</span> <span class='ocrx_word' id='word_1_15' title='bbox 309 1056 465 1135; x_wconf 83' lang='lat' dir='ltr'><strong>Quidquid</strong></span> <span class='ocrx_word' id='word_1_16' title='bbox 485 1058 617 1137; x_wconf 78' lang='lat' dir='ltr'>benigne</span> <span class='ocrx_word' id='word_1_17' title='bbox 637 1057 779 1130; x_wconf 75' lang='lat' dir='ltr'>fecimus,</span> <span class='ocrx_word' id='word_1_18' title='bbox 800 1057 891 1133; x_wconf 84' lang='lat' dir='ltr'>perit:</span> <span class='ocrx_word' id='word_1_19' title='bbox 916 1059 978 1118; x_wconf 88' lang='lat' dir='ltr'>niai</span> <span class='ocrx_word' id='word_1_20' title='bbox 998 1060 1031 1117; x_wconf 93' lang='lat' dir='ltr'>id</span> 
     </span>
     <span class='ocr_line' id='line_1_6' title="bbox 225 1140 935 1221; baseline 0.003 -21"><span class='ocrx_word' id='word_1_21' title='bbox 225 1140 330 1200; x_wconf 88' lang='lat' dir='ltr'>Bonum</span> <span class='ocrx_word' id='word_1_22' title='bbox 352 1145 563 1217; x_wconf 77' lang='lat' dir='ltr'>admonentes,</span> <span class='ocrx_word' id='word_1_23' title='bbox 587 1143 794 1221; x_wconf 77' lang='lat' dir='ltr'>exprimentes</span> <span class='ocrx_word' id='word_1_24' title='bbox 816 1160 836 1199; x_wconf 89' lang='lat' dir='ltr'>a</span> <span class='ocrx_word' id='word_1_25' title='bbox 852 1142 935 1202; x_wconf 87' lang='lat' dir='ltr'>malo</span> 
     </span>
     <span class='ocr_line' id='line_1_7' title="bbox 225 1225 894 1306; baseline 0 -22"><span class='ocrx_word' id='word_1_26' title='bbox 225 1225 400 1304; x_wconf 83' lang='lat' dir='ltr'>Recipimus.</span> <span class='ocrx_word' id='word_1_27' title='bbox 427 1247 531 1286; x_wconf 85' lang='lat' dir='ltr'>aurem</span> <span class='ocrx_word' id='word_1_28' title='bbox 551 1237 638 1306; x_wconf 80' lang='lat' dir='ltr'>grata</span> <span class='ocrx_word' id='word_1_29' title='bbox 659 1247 722 1287; x_wconf 88' lang='lat' dir='ltr'>non</span> <span class='ocrx_word' id='word_1_30' title='bbox 743 1246 812 1285; x_wconf 87' lang='lat' dir='ltr'>rare</span> <span class='ocrx_word' id='word_1_31' title='bbox 835 1225 894 1285; x_wconf 87' lang='lat' dir='ltr'>eibi</span> 
     </span>
    </p>

    <p class='ocr_par' dir='ltr' id='par_1_5' title="bbox 224 1310 861 1390">
     <span class='ocr_line' id='line_1_8' title="bbox 224 1310 861 1390; baseline 0 -22"><span class='ocrx_word' id='word_1_32' title='bbox 224 1310 294 1370; x_wconf 90' lang='lat' dir='ltr'>Velli</span> <span class='ocrx_word' id='word_1_33' title='bbox 315 1314 456 1373; x_wconf 82' lang='lat' dir='ltr'>voluntas</span> <span class='ocrx_word' id='word_1_34' title='bbox 479 1313 602 1390; x_wconf 87' lang='lat' dir='ltr'>patitur.</span> <span class='ocrx_word' id='word_1_35' title='bbox 629 1332 648 1371; x_wconf 96' lang='lat' dir='ltr'>a</span> <span class='ocrx_word' id='word_1_36' title='bbox 666 1312 749 1371; x_wconf 88' lang='lat' dir='ltr'>malo</span> <span class='ocrx_word' id='word_1_37' title='bbox 773 1311 861 1389; x_wconf 78' lang='lat' dir='ltr'>exige</span> 
     </span>
    </p>

    <p class='ocr_par' dir='ltr' id='par_1_6' title="bbox 224 1394 1059 1474">
     <span class='ocr_line' id='line_1_9' title="bbox 224 1394 1059 1474; baseline 0.002 -22"><span class='ocrx_word' id='word_1_38' title='bbox 224 1394 288 1456; x_wconf 82' lang='lat' dir='ltr'>Plus</span> <span class='ocrx_word' id='word_1_39' title='bbox 308 1417 401 1474; x_wconf 90' lang='lat' dir='ltr'>quam</span> <span class='ocrx_word' id='word_1_40' title='bbox 424 1399 499 1457; x_wconf 85' lang='lat' dir='ltr'>eatis</span> <span class='ocrx_word' id='word_1_41' title='bbox 524 1399 574 1471; x_wconf 85' lang='lat' dir='ltr'>eit,</span> <span class='ocrx_word' id='word_1_42' title='bbox 595 1406 628 1456; x_wconf 92' lang='lat' dir='ltr'>ut</span> <span class='ocrx_word' id='word_1_43' title='bbox 648 1399 742 1471; x_wconf 85' lang='lat' dir='ltr'>ferae,</span> <span class='ocrx_word' id='word_1_44' title='bbox 765 1403 910 1474; x_wconf 87' lang='lat' dir='ltr'>qnantum</span> <span class='ocrx_word' id='word_1_45' title='bbox 934 1405 983 1455; x_wconf 84' lang='lat' dir='ltr'>eat</span> <span class='ocrx_word' id='word_1_46' title='bbox 1003 1406 1059 1456; x_wconf 86' lang='lat' dir='ltr'>eat.</span> 
     </span>
    </p>
   </div>
   <div class='ocr_carea' id='block_1_5' title="bbox 224 1565 1066 1895">
    <p class='ocr_par' dir='ltr' id='par_1_7' title="bbox 224 1565 1066 1813">
     <span class='ocr_line' id='line_1_10' title="bbox 225 1565 1066 1645; baseline -0.001 -23"><span class='ocrx_word' id='word_1_47' title='bbox 225 1565 267 1623; x_wconf 84' lang='grc'>27.</span> <span class='ocrx_word' id='word_1_48' title='bbox 308 1566 384 1628; x_wconf 85' lang='lat' dir='ltr'>Non</span> <span class='ocrx_word' id='word_1_49' title='bbox 407 1568 509 1626; x_wconf 89' lang='lat' dir='ltr'>adficit</span> <span class='ocrx_word' id='word_1_50' title='bbox 530 1587 589 1641; x_wconf 89' lang='lat' dir='ltr'>me,</span> <span class='ocrx_word' id='word_1_51' title='bbox 614 1566 735 1645; x_wconf 83' lang='lat' dir='ltr'>siquid</span> <span class='ocrx_word' id='word_1_52' title='bbox 757 1565 1032 1643; x_wconf 80' lang='lat' dir='ltr'>expreeaitruber,</span> <span class='ocrx_word' id='word_1_53' title='bbox 1062 1600 1066 1607; x_wconf 87' lang='lat'><em>-</em></span> 
     </span>
     <span class='ocr_line' id='line_1_11' title="bbox 224 1647 1011 1731; baseline -0.003 -23"><span class='ocrx_word' id='word_1_54' title='bbox 224 1647 281 1714; x_wconf 78' lang='lat' dir='ltr'>Nee</span> <span class='ocrx_word' id='word_1_55' title='bbox 300 1653 353 1730; x_wconf 90' lang='lat' dir='ltr'>qui</span> <span class='ocrx_word' id='word_1_56' title='bbox 374 1653 504 1731; x_wconf 88' lang='lat' dir='ltr'>pudore,</span> <span class='ocrx_word' id='word_1_57' title='bbox 528 1661 635 1730; x_wconf 84' lang='lat' dir='ltr'>apentc</span> <span class='ocrx_word' id='word_1_58' title='bbox 654 1651 733 1726; x_wconf 90' lang='lat' dir='ltr'>quod</span> <span class='ocrx_word' id='word_1_59' title='bbox 753 1669 813 1709; x_wconf 88' lang='lat' dir='ltr'>nen</span> <span class='ocrx_word' id='word_1_60' title='bbox 833 1649 908 1721; x_wconf 83' lang='lat' dir='ltr'>vult,</span> <span class='ocrx_word' id='word_1_61' title='bbox 930 1649 1011 1708; x_wconf 83' lang='lat' dir='ltr'>lacit.</span> 
     </span>
     <span class='ocr_line' id='line_1_12' title="bbox 225 1731 863 1813; baseline 0 -22"><span class='ocrx_word' id='word_1_62' title='bbox 225 1731 307 1810; x_wconf 86' lang='lat' dir='ltr'>Sequi</span> <span class='ocrx_word' id='word_1_63' title='bbox 326 1739 511 1810; x_wconf 83' lang='lat' dir='ltr'>trahentem,</span> <span class='ocrx_word' id='word_1_64' title='bbox 531 1739 580 1795; x_wconf 88' lang='lat' dir='ltr'>eui</span> <span class='ocrx_word' id='word_1_65' title='bbox 604 1736 694 1795; x_wconf 89' lang='lat' dir='ltr'>reniti</span> <span class='ocrx_word' id='word_1_66' title='bbox 718 1745 747 1793; x_wconf 85' lang='lat' dir='ltr'>te</span> <span class='ocrx_word' id='word_1_67' title='bbox 769 1735 863 1813; x_wconf 82' lang='lat' dir='ltr'>piget,</span> 
     </span>
    </p>

    <p class='ocr_par' dir='ltr' id='par_1_8' title="bbox 224 1816 916 1895">
     <span class='ocr_line' id='line_1_13' title="bbox 224 1816 916 1895; baseline 0.001 -20"><span class='ocrx_word' id='word_1_68' title='bbox 224 1816 286 1879; x_wconf 86' lang='lat' dir='ltr'>Non</span> <span class='ocrx_word' id='word_1_69' title='bbox 307 1831 355 1882; x_wconf 87' lang='lat' dir='ltr'>eet</span> <span class='ocrx_word' id='word_1_70' title='bbox 377 1823 529 1895; x_wconf 76' lang='lat' dir='ltr'>voluntas,</span> <span class='ocrx_word' id='word_1_71' title='bbox 552 1821 658 1881; x_wconf 78' lang='lat' dir='ltr'>frontis</span> <span class='ocrx_word' id='word_1_72' title='bbox 679 1830 727 1880; x_wconf 86' lang='lat' dir='ltr'>eet</span> <span class='ocrx_word' id='word_1_73' title='bbox 745 1819 916 1878; x_wconf 72' lang='lat' dir='ltr'>infirmitat.</span> 
     </span>
    </p>
   </div>
   <div class='ocr_carea' id='block_1_6' title="bbox 223 1987 1009 2238">
    <p class='ocr_par' dir='ltr' id='par_1_9' title="bbox 223 1987 1009 2238">
     <span class='ocr_line' id='line_1_14' title="bbox 224 1987 1009 2066; baseline 0.004 -22"><span class='ocrx_word' id='word_1_74' title='bbox 224 1987 267 2048; x_wconf 83' lang='grc'>28.</span> <span class='ocrx_word' id='word_1_75' title='bbox 308 1990 370 2065; x_wconf 79' lang='lat' dir='ltr'>Qui</span> <span class='ocrx_word' id='word_1_76' title='bbox 391 1991 443 2048; x_wconf 88' lang='lat' dir='ltr'>det</span> <span class='ocrx_word' id='word_1_77' title='bbox 462 1990 602 2063; x_wconf 83' lang='lat' dir='ltr'>libenter,</span> <span class='ocrx_word' id='word_1_78' title='bbox 626 1999 656 2048; x_wconf 90' lang='lat' dir='ltr'>et</span> <span class='ocrx_word' id='word_1_79' title='bbox 675 1989 789 2061; x_wconf 76' lang='lat' dir='ltr'>atatim,</span> <span class='ocrx_word' id='word_1_80' title='bbox 808 1989 856 2047; x_wconf 86' lang='lat' dir='ltr'>bie</span> <span class='ocrx_word' id='word_1_81' title='bbox 878 1987 1009 2066; x_wconf 78' lang='lat' dir='ltr'>obligat:</span> 
     </span>
     <span class='ocr_line' id='line_1_15' title="bbox 224 2071 882 2152; baseline 0 -22"><span class='ocrx_word' id='word_1_82' title='bbox 224 2071 409 2135; x_wconf 85' lang='lat' dir='ltr'>Deliberator</span> <span class='ocrx_word' id='word_1_83' title='bbox 430 2076 512 2152; x_wconf 91' lang='lat' dir='ltr'>quod</span> <span class='ocrx_word' id='word_1_84' title='bbox 533 2075 595 2148; x_wconf 86' lang='lat' dir='ltr'>dat,</span> <span class='ocrx_word' id='word_1_85' title='bbox 618 2076 676 2136; x_wconf 87' lang='lat' dir='ltr'>h&#39;oc</span> <span class='ocrx_word' id='word_1_86' title='bbox 702 2074 785 2151; x_wconf 88' lang='lat' dir='ltr'>capit</span> <span class='ocrx_word' id='word_1_87' title='bbox 808 2073 882 2131; x_wconf 83' lang='lat' dir='ltr'>eibi:</span> 
     </span>
     <span class='ocr_line' id='line_1_16' title="bbox 223 2157 897 2238; baseline 0.003 -24"><span class='ocrx_word' id='word_1_88' title='bbox 223 2157 256 2216; x_wconf 77' lang='lat' dir='ltr'>nt</span> <span class='ocrx_word' id='word_1_89' title='bbox 272 2161 322 2236; x_wconf 89' lang='lat' dir='ltr'>qui</span> <span class='ocrx_word' id='word_1_90' title='bbox 344 2168 493 2233; x_wconf 84' lang='lat' dir='ltr'>moratur,</span> <span class='ocrx_word' id='word_1_91' title='bbox 516 2171 565 2220; x_wconf 86' lang='lat' dir='ltr'>eet</span> <span class='ocrx_word' id='word_1_92' title='bbox 584 2161 707 2238; x_wconf 84' lang='lat' dir='ltr'>neganti</span> <span class='ocrx_word' id='word_1_93' title='bbox 728 2158 897 2236; x_wconf 81' lang='lat' dir='ltr'>proximae.</span> 
     </span>
    </p>
   </div>
   <div class='ocr_carea' id='block_1_7' title="bbox 225 2325 972 2579">
    <p class='ocr_par' dir='ltr' id='par_1_10' title="bbox 225 2325 972 2579">
     <span class='ocr_line' id='line_1_17' title="bbox 225 2325 972 2408; baseline 0.004 -25"><span class='ocrx_word' id='word_1_94' title='bbox 225 2325 268 2385; x_wconf 89' lang='grc'>29.</span> <span class='ocrx_word' id='word_1_95' title='bbox 310 2327 345 2391; x_wconf 90' lang='lat' dir='ltr'>Si</span> <span class='ocrx_word' id='word_1_96' title='bbox 364 2347 443 2405; x_wconf 83' lang='lat' dir='ltr'>quae</span> <span class='ocrx_word' id='word_1_97' title='bbox 460 2329 591 2408; x_wconf 82' lang='lat' dir='ltr'>benigna</span> <span class='ocrx_word' id='word_1_98' title='bbox 612 2330 726 2389; x_wconf 85' lang='lat' dir='ltr'>amicus</span> <span class='ocrx_word' id='word_1_99' title='bbox 753 2327 785 2387; x_wconf 91' lang='lat' dir='ltr'>in</span> <span class='ocrx_word' id='word_1_100' title='bbox 807 2339 835 2385; x_wconf 86' lang='lat' dir='ltr'>te</span> <span class='ocrx_word' id='word_1_101' title='bbox 856 2327 972 2397; x_wconf 79' lang='lat' dir='ltr'>lecerit,</span> 
     </span>
     <span class='ocr_line' id='line_1_18' title="bbox 226 2408 927 2492; baseline 0 -21"><span class='ocrx_word' id='word_1_102' title='bbox 226 2408 269 2471; x_wconf 86' lang='lat' dir='ltr'>Sic</span> <span class='ocrx_word' id='word_1_103' title='bbox 286 2424 407 2492; x_wconf 78' lang='lat' dir='ltr'>gratum</span> <span class='ocrx_word' id='word_1_104' title='bbox 429 2434 533 2474; x_wconf 89' lang='lat' dir='ltr'>eorum</span> <span class='ocrx_word' id='word_1_105' title='bbox 557 2424 586 2475; x_wconf 89' lang='lat' dir='ltr'>te</span> <span class='ocrx_word' id='word_1_106' title='bbox 609 2433 698 2492; x_wconf 82' lang='lat' dir='ltr'>geras</span> <span class='ocrx_word' id='word_1_107' title='bbox 718 2415 927 2491; x_wconf 82' lang='lat' dir='ltr'>interpretem,</span> 
     </span>
     <span class='ocr_line' id='line_1_19' title="bbox 225 2494 918 2579; baseline -0.003 -22"><span class='ocrx_word' id='word_1_108' title='bbox 225 2494 259 2557; x_wconf 90' lang='lat' dir='ltr'>Ut</span> <span class='ocrx_word' id='word_1_109' title='bbox 279 2500 390 2579; x_wconf 80' lang='lat' dir='ltr'>dignus</span> <span class='ocrx_word' id='word_1_110' title='bbox 415 2500 495 2572; x_wconf 79' lang='lat' dir='ltr'>aliie,</span> <span class='ocrx_word' id='word_1_111' title='bbox 515 2501 577 2559; x_wconf 85' lang='lat' dir='ltr'>ieta</span> <span class='ocrx_word' id='word_1_112' title='bbox 596 2501 666 2560; x_wconf 90' lang='lat' dir='ltr'>dum</span> <span class='ocrx_word' id='word_1_113' title='bbox 691 2498 816 2576; x_wconf 82' lang='lat' dir='ltr'>accipie,</span> <span class='ocrx_word' id='word_1_114' title='bbox 838 2498 918 2556; x_wconf 85' lang='lat' dir='ltr'>fuae.</span> 
     </span>
    </p>
   </div>
   <div class='ocr_carea' id='block_1_8' title="bbox 225 2664 1047 3254">
    <p class='ocr_par' dir='ltr' id='par_1_11' title="bbox 227 2664 1026 2746">
     <span class='ocr_line' id='line_1_20' title="bbox 227 2664 1026 2746; baseline -0.003 -22"><span class='ocrx_word' id='word_1_115' title='bbox 227 2664 269 2725; x_wconf 80' lang='lat'>30.</span> <span class='ocrx_word' id='word_1_116' title='bbox 311 2671 371 2729; x_wconf 78' lang='lat' dir='ltr'>Est</span> <span class='ocrx_word' id='word_1_117' title='bbox 393 2686 482 2744; x_wconf 89' lang='lat' dir='ltr'>quem</span> <span class='ocrx_word' id='word_1_118' title='bbox 505 2687 617 2746; x_wconf 81' lang='lat' dir='ltr'>rogare</span> <span class='ocrx_word' id='word_1_119' title='bbox 642 2669 736 2727; x_wconf 86' lang='lat' dir='ltr'>vetuit</span> <span class='ocrx_word' id='word_1_120' title='bbox 754 2669 893 2726; x_wconf 76' lang='lat' dir='ltr'>infirmus</span> <span class='ocrx_word' id='word_1_121' title='bbox 915 2664 1026 2743; x_wconf 85' lang='lat' dir='ltr'>pudor:</span> 
     </span>
    </p>

    <p class='ocr_par' dir='ltr' id='par_1_12' title="bbox 225 2749 889 2831">
     <span class='ocr_line' id='line_1_21' title="bbox 225 2749 889 2831; baseline 0.003 -24"><span class='ocrx_word' id='word_1_122' title='bbox 225 2749 274 2809; x_wconf 81' lang='lat' dir='ltr'>Eet</span> <span class='ocrx_word' id='word_1_123' title='bbox 292 2772 384 2829; x_wconf 84' lang='lat' dir='ltr'>quem</span> <span class='ocrx_word' id='word_1_124' title='bbox 407 2772 516 2831; x_wconf 78' lang='lat' dir='ltr'>rogare</span> <span class='ocrx_word' id='word_1_125' title='bbox 540 2752 687 2831; x_wconf 86' lang='lat' dir='ltr'>compulit</span> <span class='ocrx_word' id='word_1_126' title='bbox 711 2752 889 2812; x_wconf 83' lang='lat' dir='ltr'>neeeeeitee.</span> 
     </span>
    </p>

    <p class='ocr_par' dir='ltr' id='par_1_13' title="bbox 225 2832 1047 2998">
     <span class='ocr_line' id='line_1_22' title="bbox 226 2832 1047 2912; baseline -0.005 -18"><span class='ocrx_word' id='word_1_127' title='bbox 226 2832 296 2907; x_wconf 80' lang='lat' dir='ltr'>Quid</span> <span class='ocrx_word' id='word_1_128' title='bbox 317 2839 399 2910; x_wconf 87' lang='lat' dir='ltr'>huic,</span> <span class='ocrx_word' id='word_1_129' title='bbox 419 2838 491 2912; x_wconf 90' lang='lat' dir='ltr'>quid</span> <span class='ocrx_word' id='word_1_130' title='bbox 510 2838 556 2896; x_wconf 92' lang='lat' dir='ltr'>illi</span> <span class='ocrx_word' id='word_1_131' title='bbox 577 2839 678 2897; x_wconf 87' lang='lat' dir='ltr'>facere</span> <span class='ocrx_word' id='word_1_132' title='bbox 699 2846 729 2895; x_wconf 93' lang='lat' dir='ltr'>te</span> <span class='ocrx_word' id='word_1_133' title='bbox 753 2855 874 2895; x_wconf 90' lang='lat' dir='ltr'>munem</span> <span class='ocrx_word' id='word_1_134' title='bbox 898 2833 1047 2893; x_wconf 76' lang='lat' dir='ltr'>addecet?</span> 
     </span>
     <span class='ocr_line' id='line_1_23' title="bbox 225 2917 1020 2998; baseline -0.001 -21"><span class='ocrx_word' id='word_1_135' title='bbox 225 2917 397 2998; x_wconf 80' lang='lat' dir='ltr'>Explendus</span> <span class='ocrx_word' id='word_1_136' title='bbox 422 2922 475 2980; x_wconf 88' lang='lat' dir='ltr'>ille</span> <span class='ocrx_word' id='word_1_137' title='bbox 499 2931 557 2995; x_wconf 87' lang='lat' dir='ltr'>eet,</span> <span class='ocrx_word' id='word_1_138' title='bbox 577 2923 647 2981; x_wconf 93' lang='lat' dir='ltr'>huic</span> <span class='ocrx_word' id='word_1_139' title='bbox 668 2923 799 2981; x_wconf 87' lang='lat' dir='ltr'>eundum</span> <span class='ocrx_word' id='word_1_140' title='bbox 822 2929 870 2981; x_wconf 87' lang='lat' dir='ltr'>eat</span> <span class='ocrx_word' id='word_1_141' title='bbox 890 2918 1020 2980; x_wconf 85' lang='lat' dir='ltr'>obviam.</span> 
     </span>
    </p>

    <p class='ocr_par' dir='ltr' id='par_1_14' title="bbox 227 3001 908 3083">
     <span class='ocr_line' id='line_1_24' title="bbox 227 3001 908 3083; baseline 0.003 -21"><span class='ocrx_word' id='word_1_142' title='bbox 227 3001 296 3065; x_wconf 81' lang='lat' dir='ltr'>veta</span> <span class='ocrx_word' id='word_1_143' title='bbox 316 3010 399 3067; x_wconf 90' lang='lat' dir='ltr'>hunc</span> <span class='ocrx_word' id='word_1_144' title='bbox 421 3009 542 3080; x_wconf 86' lang='lat' dir='ltr'>rubere,</span> <span class='ocrx_word' id='word_1_145' title='bbox 562 3008 702 3083; x_wconf 84' lang='lat' dir='ltr'>precibus</span> <span class='ocrx_word' id='word_1_146' title='bbox 724 3006 807 3065; x_wconf 84' lang='lat' dir='ltr'>illiue</span> <span class='ocrx_word' id='word_1_147' title='bbox 829 3007 908 3065; x_wconf 82' lang='lat' dir='ltr'>fave.</span> 
     </span>
    </p>

    <p class='ocr_par' dir='ltr' id='par_1_15' title="bbox 227 3086 872 3175">
     <span class='ocr_line' id='line_1_25' title="bbox 227 3086 872 3175; baseline 0.005 -29"><span class='ocrx_word' id='word_1_148' title='bbox 227 3086 257 3146; x_wconf 92' lang='lat' dir='ltr'>In</span> <span class='ocrx_word' id='word_1_149' title='bbox 273 3093 478 3169; x_wconf 85' lang='lat' dir='ltr'>promerenda</span> <span class='ocrx_word' id='word_1_150' title='bbox 500 3093 599 3170; x_wconf 85' lang='lat' dir='ltr'>gratie</span> <span class='ocrx_word' id='word_1_151' title='bbox 621 3093 735 3168; x_wconf 82' lang='lat' dir='ltr'>primus</span> <span class='ocrx_word' id='word_1_152' title='bbox 759 3092 872 3175; x_wconf 77' lang='lat' dir='ltr'>gradun</span> 
     </span>
    </p>

    <p class='ocr_par' dir='ltr' id='par_1_16' title="bbox 227 3171 863 3254">
     <span class='ocr_line' id='line_1_26' title="bbox 227 3171 863 3254; baseline 0.008 -23"><span class='ocrx_word' id='word_1_153' title='bbox 227 3171 285 3250; x_wconf 75' lang='lat' dir='ltr'>dat,</span> <span class='ocrx_word' id='word_1_154' title='bbox 307 3196 457 3254; x_wconf 86' lang='lat' dir='ltr'>occupare</span> <span class='ocrx_word' id='word_1_155' title='bbox 478 3185 560 3248; x_wconf 59' lang='grc' dir='ltr'><strong>νοτες</strong></span> <span class='ocrx_word' id='word_1_156' title='bbox 584 3176 741 3254; x_wconf 82' lang='lat' dir='ltr'>proximus</span> <span class='ocrx_word' id='word_1_157' title='bbox 768 3177 863 3252; x_wconf 84' lang='lat' dir='ltr'>aequi.</span> 
     </span>
    </p>
   </div>
   <div class='ocr_carea' id='block_1_9' title="bbox 229 3342 1062 3933">
    <p class='ocr_par' dir='ltr' id='par_1_17' title="bbox 229 3342 923 3424">
     <span class='ocr_line' id='line_1_27' title="bbox 229 3342 923 3424; baseline -0.004 -23"><span class='ocrx_word' id='word_1_158' title='bbox 229 3342 271 3403; x_wconf 81' lang='lat'>31.</span> <span class='ocrx_word' id='word_1_159' title='bbox 312 3347 376 3407; x_wconf 90' lang='lat' dir='ltr'>Hic</span> <span class='ocrx_word' id='word_1_160' title='bbox 394 3366 504 3424; x_wconf 88' lang='lat' dir='ltr'>nempe</span> <span class='ocrx_word' id='word_1_161' title='bbox 526 3347 590 3405; x_wconf 88' lang='lat' dir='ltr'>voti</span> <span class='ocrx_word' id='word_1_162' title='bbox 610 3348 691 3419; x_wconf 81' lang='lat' dir='ltr'>finis,</span> <span class='ocrx_word' id='word_1_163' title='bbox 717 3345 797 3403; x_wconf 86' lang='lat' dir='ltr'>ultra</span> <span class='ocrx_word' id='word_1_164' title='bbox 817 3343 923 3419; x_wconf 84' lang='lat' dir='ltr'>iugera</span> 
     </span>
    </p>

    <p class='ocr_par' dir='ltr' id='par_1_18' title="bbox 229 3425 831 3509">
     <span class='ocr_line' id='line_1_28' title="bbox 229 3425 831 3509; baseline 0.002 -25"><span class='ocrx_word' id='word_1_165' title='bbox 229 3425 317 3490; x_wconf 80' lang='lat' dir='ltr'>Fundi</span> <span class='ocrx_word' id='word_1_166' title='bbox 337 3432 460 3509; x_wconf 85' lang='lat' dir='ltr'>paterni</span> <span class='ocrx_word' id='word_1_167' title='bbox 484 3450 671 3491; x_wconf 80' lang='lat' dir='ltr'>summovere</span> <span class='ocrx_word' id='word_1_168' title='bbox 694 3430 831 3489; x_wconf 86' lang='lat' dir='ltr'>limitem.</span> 
     </span>
    </p>

    <p class='ocr_par' dir='ltr' id='par_1_19' title="bbox 229 3509 1062 3764">
     <span class='ocr_line' id='line_1_29' title="bbox 229 3509 988 3590; baseline -0.005 -19"><span class='ocrx_word' id='word_1_169' title='bbox 229 3509 273 3571; x_wconf 83' lang='lat' dir='ltr'>Sic</span> <span class='ocrx_word' id='word_1_170' title='bbox 292 3516 388 3575; x_wconf 91' lang='lat' dir='ltr'>multa</span> <span class='ocrx_word' id='word_1_171' title='bbox 408 3517 559 3590; x_wconf 90' lang='lat' dir='ltr'>habende,</span> <span class='ocrx_word' id='word_1_172' title='bbox 583 3518 624 3575; x_wconf 93' lang='lat' dir='ltr'>nil</span> <span class='ocrx_word' id='word_1_173' title='bbox 647 3517 753 3574; x_wconf 80' lang='lat' dir='ltr'>habes.</span> <span class='ocrx_word' id='word_1_174' title='bbox 774 3531 831 3571; x_wconf 86' lang='lat' dir='ltr'>nee</span> <span class='ocrx_word' id='word_1_175' title='bbox 850 3511 988 3583; x_wconf 87' lang='lat' dir='ltr'>intereat,</span> 
     </span>
     <span class='ocr_line' id='line_1_30' title="bbox 231 3595 1062 3677; baseline -0.004 -21"><span class='ocrx_word' id='word_1_176' title='bbox 231 3596 321 3673; x_wconf 82' lang='lat' dir='ltr'>Quam</span> <span class='ocrx_word' id='word_1_177' title='bbox 342 3602 508 3661; x_wconf 87' lang='lat' dir='ltr'>maximum</span> <span class='ocrx_word' id='word_1_178' title='bbox 531 3603 581 3675; x_wconf 81' lang='lat' dir='ltr'>eit,</span> <span class='ocrx_word' id='word_1_179' title='bbox 604 3602 682 3677; x_wconf 91' lang='lat' dir='ltr'>quod</span> <span class='ocrx_word' id='word_1_180' title='bbox 705 3600 762 3658; x_wconf 91' lang='lat' dir='ltr'>tibi</span> <span class='ocrx_word' id='word_1_181' title='bbox 784 3606 833 3656; x_wconf 85' lang='lat' dir='ltr'>eet</span> <span class='ocrx_word' id='word_1_182' title='bbox 850 3595 1062 3673; x_wconf 84' lang='lat' dir='ltr'>pauxillulum,</span> 
     </span>
     <span class='ocr_line' id='line_1_31' title="bbox 230 3680 841 3764; baseline -0.002 -22"><span class='ocrx_word' id='word_1_183' title='bbox 230 3680 281 3755; x_wconf 78' lang='lat' dir='ltr'>Qui</span> <span class='ocrx_word' id='word_1_184' title='bbox 302 3688 348 3747; x_wconf 83' lang='lat' dir='ltr'>sic</span> <span class='ocrx_word' id='word_1_185' title='bbox 372 3688 488 3764; x_wconf 78' lang='lat' dir='ltr'>egendo</span> <span class='ocrx_word' id='word_1_186' title='bbox 511 3688 667 3762; x_wconf 78' lang='lat' dir='ltr'>possidere</span> <span class='ocrx_word' id='word_1_187' title='bbox 689 3696 719 3743; x_wconf 93' lang='lat' dir='ltr'>te</span> <span class='ocrx_word' id='word_1_188' title='bbox 742 3692 841 3759; x_wconf 87' lang='lat' dir='ltr'>putee.</span> 
     </span>
    </p>

    <p class='ocr_par' dir='ltr' id='par_1_20' title="bbox 230 3763 976 3849">
     <span class='ocr_line' id='line_1_32' title="bbox 230 3763 976 3849; baseline -0.005 -22"><span class='ocrx_word' id='word_1_189' title='bbox 230 3763 360 3847; x_wconf 85' lang='lat' dir='ltr'>Namque</span> <span class='ocrx_word' id='word_1_190' title='bbox 379 3772 555 3849; x_wconf 82' lang='lat' dir='ltr'>empturire,</span> <span class='ocrx_word' id='word_1_191' title='bbox 578 3770 684 3849; x_wconf 89' lang='lat' dir='ltr'>opinio</span> <span class='ocrx_word' id='word_1_192' title='bbox 703 3768 889 3847; x_wconf 80' lang='lat' dir='ltr'>indigentiae</span> <span class='ocrx_word' id='word_1_193' title='bbox 911 3774 976 3825; x_wconf 81' lang='lat' dir='ltr'>eat:</span> 
     </span>
    </p>

    <p class='ocr_par' dir='ltr' id='par_1_21' title="bbox 231 3849 885 3933">
     <span class='ocr_line' id='line_1_33' title="bbox 231 3849 885 3933; baseline 0.002 -24"><span class='ocrx_word' id='word_1_194' title='bbox 231 3849 265 3911; x_wconf 78' lang='lat' dir='ltr'>nt</span> <span class='ocrx_word' id='word_1_195' title='bbox 283 3875 351 3917; x_wconf 81' lang='lat' dir='ltr'>ease</span> <span class='ocrx_word' id='word_1_196' title='bbox 371 3876 517 3930; x_wconf 82' lang='lat' dir='ltr'>emacem,</span> <span class='ocrx_word' id='word_1_197' title='bbox 542 3876 577 3916; x_wconf 85' lang='lat' dir='ltr'>ee</span> <span class='ocrx_word' id='word_1_198' title='bbox 598 3856 688 3915; x_wconf 82' lang='lat' dir='ltr'>fateri</span> <span class='ocrx_word' id='word_1_199' title='bbox 709 3872 885 3933; x_wconf 89' lang='lat' dir='ltr'>pauperem.</span> 
     </span>
    </p>
   </div>
   <div class='ocr_carea' id='block_1_10' title="bbox 0 0 1509 4725">
    <p class='ocr_par' dir='ltr' id='par_1_22' title="bbox 0 0 1509 4725">
     <span class='ocr_line' id='line_1_34' title="bbox 0 0 1509 4725; baseline 0 0"><span class='ocrx_word' id='word_1_200' title='bbox 0 0 1509 4725; x_wconf 95' lang='lat' dir='ltr'> </span> 
     </span>
    </p>
   </div>
  </div>
 </body>
</html>
