3000 4725
626 669 778 766 Q—

257 829 348 904 Ὅλοις
367 836 501 921 χελιδών
527 856 570 904 τις
590 835 697 922 πρόσω
720 835 856 921 σχοίνοις
873 834 974 917 πάρει.

255 914 303 982 Ὃν
325 919 359 984 ού
378 920 487 1006 τρέφει
509 917 591 995 Κῶς,
614 919 685 984 οὐδ’
710 917 745 986 ἂν
769 917 922 1002 Αἴγυπτος
945 917 1062 1003 τρέφοι.

257 1002 351 1070 ’θναιύ
372 1007 402 1087 γ’
425 1005 513 1069 ἁλσὶν
535 1002 570 1067 ἂν
595 1004 799 1089 διασμηχθείς
819 1025 905 1066 ποτε.

255 1086 334 1158 Ὄνος
356 1089 490 1174 βαδίζεις
509 1090 552 1158 εἰς
574 1088 676 1175 ἄχυρα
698 1090 840 1174 τράγημα
862 1088 926 1150 σόν.

255 1170 334 1242 Ὀνος
353 1173 448 1258 λύρας
468 1173 597 1257 ἤκουσε,
619 1176 671 1237 καὶ
695 1175 860 1256 σάλπιγγος
882 1170 925 1240 ύς.

253 1251 341 1321 Ὅπου
361 1261 405 1327 τὶς
424 1259 523 1340 ἀλγεῖ,
545 1263 629 1322 κεῖσε
650 1259 701 1322 καὶ
724 1257 778 1342 τὴν
800 1255 884 1343 χεῖρ’
906 1255 981 1342 ἔχει.

256 1338 385 1426 Ὁρᾷςτδ
408 1343 482 1407 Δῖον
507 1342 543 1408 ού
567 1342 659 1430 βέλος
679 1341 833 1406 διέπτατο.

256 1422 339 1511 Ὀργὴ
362 1425 531 1512 φιλούντων
556 1429 661 1514 μικρὸν
685 1425 787 1512 ἰσχύει
807 1426 929 1511 χρόνον.

251 1505 364 1593 Ὅρκοις
388 1513 443 1595 μὲν
466 1511 590 1598 ἄνδρας,
615 1511 820 1597 ἀστραγάλοις
841 1511 875 1574 δὲ
896 1509 934 1574 τὰ
954 1510 1072 1573 παιδία.

252 1591 383 1677 Ὄρνιθος
402 1595 485 1682 ὄρνις
506 1601 573 1666 πῶς
594 1596 629 1661 ἂν
650 1595 776 1678 ἁγνεύοι
798 1598 924 1680 φαγιύνς

249 1673 300 1748 Ὃς
318 1679 407 1750 αύτδς
429 1681 521 1744 αύτδν
543 1681 600 1746 οὐκ
623 1679 700 1767 ύχει,
720 1679 826 1766 Σάμον
849 1679 947 1744 θέλει.

250 1757 343 1870 Ὅστις
364 1764 414 1829 ἐπὶ
436 1766 569 1870 δεῖπνόνη
582 1767 641 1850 ὀψὲ
662 1766 788 1848 κληθεὶς
809 1763 945 1870 ἔρχεται)

252 1849 655 2017 ,νικήσω
668 1849 969 2003 ιιικνιν·

247 2009 309 2080 Ὅτ’
331 2017 474 2124 ἀργύριον
496 2016 530 2104 ή,
548 2020 647 2082 πάντα
668 2020 721 2086 θεῖ
741 2015 934 2103 κηἰλαύνεται.

248 2093 332 2164 Ὅταν
355 2105 371 2166 δ
411 2104 427 2166 ὁ
449 2104 566 2187 δαίμων
591 2101 626 2168 εύ
651 2105 737 2189 διδῷ,
757 2105 786 2166 τί
805 2105 856 2168 δεῖ
876 2102 995 2207 φίλωνγ

248 2178 309 2248 Ὅτ’
332 2187 471 2272 εὐτυχεῖς
495 2189 637 2273 μάλιστα,
662 2190 702 2273 μὴ
726 2187 805 2272 μέγα
826 2208 944 2294 φρονει.

254 2264 293 2332 Ού
316 2272 413 2341 δεινὸς
436 2273 543 2348 εἰπεῖν,
567 2273 647 2336 ἀλλὰ
674 2279 759 2358 σιγᾷν
784 2275 944 2341 σἰδονατος.

254 2348 292 2417 θύ
314 2357 441 2427 δυνατὸς
463 2356 547 2427 οἶκος
568 2357 611 2427 εἷς
633 2359 755 2443 τρέφειν
777 2359 870 2427 κύνας
888 2356 955 2421 δύο.

253 2433 292 2501 θύ
314 2442 468 2527 μέμφεται
490 2438 696 2529 Κορινθίοισιν
715 2442 819 2508 Ἴλιον.

253 2518 291 2586 Οὐ
316 2526 368 2610 μία
389 2526 492 2612 λόχμη
516 2527 651 2611 τρέφοιτ’
675 2526 710 2591 ἂν
735 2526 986 2612 ἐριθάκουςιδύο.

253 2602 292 2669 Ού
312 2614 382 2679 παῖς
399 2610 585 2695 Ἀχιλλέως,
608 2611 681 2675 ἀλλ’
700 2611 868 2698 Ἀχιλλεύς
891 2610 984 2678 αὐτὸς
1005 2608 1043 2673 εί.

253 2688 292 2756 Ού
313 2696 425 2763 παντὸς
448 2696 559 2780 ἀνδρδς
581 2696 625 2764 εἰς
645 2694 798 2781 Κόρινθον
819 2695 890 2761 ἔσθ’
914 2696 930 2757 δ
954 2697 1063 2761 πλοῦς.Ι

252 2772 293 2840 Ob
314 2778 389 2863 πρύς
409 2802 444 2861 γε
464 2780 579 2848 παντός
603 2780 681 2843 ἐστιν
704 2782 833 2887 ἀρτῦσαι
852 2782 964 2847 καλῶς.

253 2856 292 2923 Ού
314 2862 426 2947 ῥαδίως
447 2864 503 2949 γὰρ
529 2863 592 2927 ἔστ’
619 2865 784 2949 ἀληθεύων
804 2862 901 2935 Κίλιξ.

253 2941 292 3008 Ού
315 2948 465 3032 στήσομαι
490 2948 591 3012 λέαιν’
618 2950 668 3013 ἐπὶ
691 2950 936 3033 τυροκνήστιδος.

253 3024 292 3091 Ού
314 3031 455 3095 τύπτεται
478 3033 507 3096 δ’
532 3035 548 3097 ὁ
569 3032 714 3119 πρέσβυς,
737 3033 805 3097 οὐδ’
832 3033 995 3119 ὑβρίζεται.

252 3108 292 3177 θύ
316 3115 508 3201 φεισόμεσθα
531 3119 629 3181 τῶνδε
653 3119 782 3202 μᾶλλον,
805 3120 825 3202 ἢ
849 3118 961 3181 λύκων.

253 3193 322 3261 Οὐδ’
345 3200 436 3269 αὐτὸς
459 3200 547 3286 εύρεν
571 3203 642 3265 ὁδὸν
664 3202 699 3267 ἂν
722 3200 946 3287 Ἐξηκεστίδης.
1071 3272 1076 3279 ,

253 3277 274 3344 O
296 3283 322 3345 δ’
347 3284 377 3347 ἐν
395 3287 581 3371 περιδείπνῳ
599 3286 675 3351 ποτέ
698 3287 728 3350 σ’
753 3286 946 3351 ἐπαινέσειαν
969 3282 1016 3347 ἄν.

296 3367 356 3437 δαὶς
374 3368 647 3455 διθυραμβοποιὸς,
662 3372 708 3461 ,ἢν
734 3372 818 3457 ύδωρ
840 3372 905 3519 πίφ.

296 3451 354 3521 δεὶς
376 3455 517 3539 δυσώνης
537 3476 576 3540 χρ
602 3456 670 3520 στδν
694 3458 816 3542 ὀψωνεῖ
834 3479 870 3563 κμ
891 3478 936 3525 ας.

296 3534 311 3597 δ
561 3478 634 3623 γύτη
655 3540 734 3624 πλὴν
758 3539 902 3625 Πορῥιας.

296 3618 354 3691 δελς
375 3622 516 3708 ἐραστής,
560 3644 621 3693 στις
644 3625 701 3689 ούκ
721 3626 771 3687 ἀεὶ
794 3628 888 3709 φιλεῖ.

279 3702 355 3775 ύδελς
378 3709 524 3792 κομήτης,
549 3708 630 3778 ὅστις
652 3708 688 3772 οὐ
713 3709 882 3793 ψηνίίεται.

280 3784 355 3854 ύδελς
375 3792 475 3877 κρέως
492 3791 644 3877 παρόντος
667 3792 765 3857 ἐσθίει
783 3793 893 3879 θύμον.

256 3860 344 3933 Ούδλν
366 3878 423 3958 γάρ
446 3876 549 3956 ἐσμεν,
574 3879 652 3959 πλὴν
681 3874 841 3943 Ποσειδῶν
864 3880 916 3944 καὶ
937 3878 1053 3963 σκάφη.

915 3994 952 4055 10

253 3361 292 3429 Οὐ

253 3446 293 3514 Οὐ

253 3529 292 3597 θύ

253 3614 292 3682 Οίν

254 3697 275 3764 θ

255 3777 277 3844 0

313 3537 355 3606 εὶς
376 3536 463 3603 ἔθυσ’
489 3539 559 3687 εύεφ
