3000 4725
798 642 839 701 68

360 811 568 888 Omniparens
590 810 718 883 caelum,
738 809 881 884 caeloque
904 808 1059 886 adscripta
1080 818 1239 886 potentum

358 896 498 955 Faedsra
517 896 660 967 fatorum,
680 896 821 954 iuvenem
840 895 1018 971 contingere
1038 895 1130 967 vitae,

339 980 447 1062 ‘Quas
471 980 719 1052 Telamoniades,
743 988 932 1053 matrumque
955 980 1077 1037 orbator
1096 981 1236 1040 Achilles

361 1065 558 1143 contigerunt
580 1072 688 1137 metas,
709 1082 761 1123 cur
778 1062 942 1136 invidistis,
965 1071 999 1121 ut
1015 1065 1103 1123 annis

360 1151 495 1210 Heroum
516 1150 606 1222 vitas,
625 1149 736 1208 animis
760 1156 905 1224 aequaret
925 1149 1082 1207 honores?

360 1237 430 1296 Heu
454 1235 625 1294 miserande
646 1254 733 1311 puer,
756 1243 787 1293 tu
805 1252 886 1291 nuno
906 1234 1003 1310 primo
1026 1235 1141 1293 occidis
1162 1254 1256 1295 aevo:

361 1321 497 1393 Occidis,
524 1328 553 1377 et
574 1320 707 1379 iuvenile
727 1320 819 1377 decus
841 1319 924 1377 Mara
943 1318 1056 1395 impius
1077 1320 1192 1394 hausit,

360 1404 471 1479 Qualia
491 1406 591 1481 prima
608 1424 686 1463 novo
709 1404 850 1461 canentia
868 1404 945 1461 flore
965 1404 1096 1481 ligustra

359 1491 483 1551 Decutit
504 1491 619 1561 afflatu,
642 1488 694 1564 qui
718 1488 831 1546 decutit
853 1488 965 1560 omnia,
986 1496 1104 1548 ventus.

360 1578 409 1636 Ab
431 1575 551 1652 qualem
573 1576 686 1650 luctum
706 1573 828 1650 linquis
844 1573 992 1647 matrique
1010 1575 1157 1649 patrique,

360 1664 459 1736 Atque
483 1660 558 1719 tuisl
589 1659 678 1717 matri
698 1666 768 1716 ante
788 1658 879 1730 alios,
902 1676 981 1731 quac
1000 1666 1074 1717 vota
1091 1678 1260 1735 precesque

361 1745 585 1822 Conduplicane
609 1744 769 1803 sublimem
789 1743 822 1801 in
843 1762 920 1819 equo
939 1752 970 1799 et
982 1743 1168 1820 fulgentibus
1183 1745 1277 1803 armis

360 1832 488 1891 Miserat
509 1830 541 1888 in
562 1829 685 1902 bellum,
709 1848 765 1887 neo
786 1828 879 1887 talem
903 1835 1020 1886 moeste
1037 1830 1191 1905 recepit[,]

361 1916 424 1977 Sed
444 1915 564 1993 gelidos
585 1922 680 1986 artus,
703 1914 758 1973 scd
777 1933 853 1973 onus
875 1912 970 1970 fatale
988 1912 1103 1971 feretri.

359 2000 453 2059 Parte
475 2000 537 2057 alia
555 2000 647 2057 nullis
671 1999 839 2058 novitatum
863 1997 1009 2055 exterrita
1027 1999 1171 2058 monstris

261 2102 263 2107 '
362 2084 501 2161 Simplex
524 2084 680 2155 nobilitas,
706 2091 735 2140 et
758 2084 864 2141 nescia
884 2083 982 2160 pestis
1004 2082 1123 2155 Iberes,

359 2170 534 2228 Extinctum
555 2168 669 2245 lugent,
693 2166 1047 2243 versisqueinsignibus
1072 2186 1179 2226 omnes
1210 2208 1213 2212 «
1313 2174 1316 2181 ’

360 2255 530 2314 Funeream
551 2253 663 2311 ducunt
683 2270 838 2329 pompam,
862 2262 893 2310 et
913 2253 1079 2329 funguntur
1099 2252 1185 2311 inani

364 2338 483 2401 Officio.
504 2345 536 2396 tu
555 2356 614 2397 non
634 2337 747 2416 gemitu
771 2336 953 2396 revocabilis
977 2336 1039 2396 ullo

362 2424 509 2484 Consiliis
530 2423 678 2496 Heroum,
701 2431 730 2481 et
751 2423 888 2482 coetibus
909 2424 1023 2482 interes
1041 2422 1116 2494 illis,

362 2510 449 2585 Quos
470 2509 601 2568 discreta
620 2516 741 2566 tuentur
766 2509 804 2566 ab
826 2508 910 2566 omni
928 2507 1035 2564 limina
1055 2506 1154 2584 vulgo,

360 2595 493 2667 Limina,
516 2612 593 2669 quae
615 2593 677 2652 nisi
697 2593 826 2652 victores
841 2593 984 2652 insistere
1006 2592 1054 2650 fae
1075 2599 1134 2664 est,
1177 2630 1179 2633 -

362 2679 508 2756 Quosque
526 2677 702 2754 triumphali
724 2678 838 2736 velavit
853 2677 959 2736 laurea
977 2677 1093 2749 fronde,

361 2767 423 2824 Aut
443 2765 552 2839 quibus
574 2763 708 2822 illustres
731 2763 883 2821 umbravit
905 2761 1001 2822 civica
1025 2761 1136 2820 vultus.
1210 2830 1216 2836 ι

361 2849 422 2908 Hic
442 2849 498 2907 tibi
519 2869 581 2907 non
601 2867 698 2924 aequo
721 2867 816 2925 passu
837 2847 951 2922 templa
969 2847 1022 2903 illa
1046 2848 1162 2922 petenti

363 2935 480 2994 Obvius
501 2953 662 2992 occurrens
685 2933 793 3008 aliquis
819 2933 966 3009 degente
987 2931 1122 2991 Deorum

346 3019 408 3080 ,Te
430 3027 531 3078 coetus
552 3019 644 3076 trahit
664 3017 697 3075 in
717 3018 835 3076 medios
856 3033 1076 3092 procerumque
1096 3015 1273 3092 ducumque,

360 3104 546 3163 Francorum
562 3122 716 3178 procerum
737 3110 827 3177 atque
843 3102 961 3174 ducum,
975 3101 1027 3176 qui
1042 3100 1174 3159 fortibus
1191 3099 1273 3159 ausis

360 3188 454 3246 Parta
475 3197 668 3264 reportarunt
688 3187 778 3244 toties
799 3205 839 3243 ex
860 3187 947 3244 hoste
968 3186 1125 3261 trophaea.

363 3273 428 3332 Olli
449 3273 584 3331 sidereos
606 3272 718 3342 vultus,
742 3279 772 3328 et
793 3271 903 3329 frontis
923 3272 1073 3330 honestae

362 3358 509 3416 Mirantes
532 3358 651 3416 culmen
671 3374 863 3434 generosum,
885 3362 915 3412 et
934 3356 1070 3413 membra
1090 3354 1203 3413 decora

361 3441 490 3518 Expleri
511 3450 662 3517 nequeunt
683 3441 828 3512 animum,
850 3459 1062 3516 memoresque
1080 3439 1221 3498 iuventae

361 3528 461 3600 Fient,
482 3534 572 3602 atquc
594 3527 757 3585 ¹extinctum
778 3525 843 3583 fato
866 3525 1048 3584 miserantur
1069 3525 1191 3583 acerbo.

363 3611 439 3671 Cum
461 3631 534 3669 vero
557 3612 675 3688 palmas
697 3617 868 3683 numerant,
890 3618 921 3668 et
942 3610 1035 3669 fortia
1054 3610 1146 3681 iacta,

363 3697 450 3756 Tunc
468 3696 567 3754 iustae
590 3697 715 3754 credunt
736 3713 878 3754 numeros
905 3695 1055 3771 explesse
1076 3700 1227 3753 senectae.

363 3782 450 3841 Tunc
470 3781 581 3838 laetum
598 3780 723 3838 Paeana
743 3787 863 3839 canunt
891 3788 961 3837 tunc
985 3780 1108 3839 vocibus
1127 3779 1233 3836 aether

362 3868 483 3940 Fervet,
503 3874 533 3924 et
555 3866 673 3925 alterno
692 3865 795 3924 fremit
814 3865 923 3942 ingens
942 3865 1028 3943 regia
1045 3864 1168 3941 plausu.
