3000 4725
712 608 863 703 Q

329 774 412 837 Nom
430 778 521 854 periit
542 776 615 834 mihi
638 776 806 855 virginitas.
835 774 921 835 Haec
940 777 1020 836 falsa
1042 777 1146 835 locuto
1168 786 1224 852 est,

373 862 497 921 Dolium
516 862 596 938 apud
617 877 723 923 manes
746 877 857 939 nempe
880 862 983 921 videre
1005 862 1125 921 volens.

330 1029 402 1105 720
598 1023 664 1090 Oto
687 1024 752 1089 οἶδ’
777 1027 804 1089 εἰ
825 1025 988 1089 Διόνυσον.

329 1115 410 1193 Ergo
419 1123 518 1173 utrum
532 1127 682 1188 accusem,
695 1114 898 1186 Bacchumne,
911 1115 1054 1191 incertus,
1066 1131 1106 1174 au
1117 1118 1243 1177 imbrem

372 1198 499 1259 Nescio.
521 1200 679 1277 lapsantes
701 1199 783 1257 follit
801 1206 926 1275 uterque
949 1200 1055 1276 pedes.

329 1285 420 1358 Ecce,
442 1285 523 1344 redis
544 1294 636 1362 potus
659 1286 731 1343 dnm
751 1301 832 1357 rure,
855 1284 1028 1361 Polyxene,
1047 1286 1140 1345 sunus

375 1367 526 1443 Condere,
548 1370 658 1430 laboso
681 1369 879 1445 praecipitate
901 1370 979 1447 iuge.

329 1454 460 1514 Aeolide
482 1463 512 1512 et
531 1453 662 1533 Smyrna
683 1455 760 1513 situs
783 1472 816 1512 es
839 1452 954 1531 procul.
974 1454 1086 1513 Ebrius
1108 1474 1175 1531 ergo

373 1538 521 1616 Quisquis
545 1541 612 1613 erit,
634 1538 769 1617 plurium
790 1546 880 1597 nocte
899 1546 1020 1597 verctor
1040 1539 1107 1597 iter.

329 1707 400 1783 720
625 1700 687 1787 Τὴν
711 1702 814 1785 τίτθην
835 1699 952 1785 Ἱέρων.

329 1792 390 1851 Hic
411 1790 526 1849 Hieron
546 1794 671 1851 amitam
694 1788 842 1865 Silenida,
863 1795 976 1867 pocula
994 1794 1070 1857 dura

372 1877 502 1936 Vincere
525 1896 614 1954 quam
636 1877 710 1936 duro
732 1897 791 1934 non
813 1885 939 1953 potuere
960 1896 1052 1949 mero,

328 1962 413 2021 Rure
435 1981 489 2021 suo
514 1964 637 2039 sepeliit
658 1963 807 2020 functam:
837 1970 870 2020 ut
890 1962 938 2020 vel
961 1971 1091 2034 mortua,
1110 1960 1225 2019 Bacchi

369 2046 462 2105 Nunc
482 2050 611 2125 propius
635 2056 740 2125 gratos
765 2054 824 2105 stet
842 2048 991 2107 tumulata
1011 2048 1105 2106 lacus.

327 2214 398 2290 pat
589 2208 726 2294 Ἠπείρῳ
750 2213 783 2295 μ’
807 2213 980 2276 ἀποδοῦσα.

327 2300 498 2376 Exceptum
518 2307 609 2371 terra,
634 2302 720 2357 saevi
739 2302 833 2362 maris
853 2301 992 2378 improbe
1015 2302 1133 2374 fluctus,

372 2386 472 2443 laetas
495 2401 544 2441 me
564 2384 667 2442 ludum
689 2387 930 2464 quisquiliasque
949 2396 1028 2446 tuas.

328 2470 570 2547 Naufragiumne
589 2469 644 2526 uui
664 2471 738 2528 mihi
759 2491 849 2530 casso
868 2473 936 2530 luce
955 2471 1086 2530 minatur

371 2555 478 2627 Terra,
501 2573 556 2612 nec
581 2574 600 2612 a
622 2556 740 2630 scopuli
762 2577 845 2616 mors
866 2577 934 2614 mea
953 2564 1018 2615 tuta
1038 2564 1119 2614 metu
1141 2557 1212 2614 est?

328 2640 408 2714 Quin
431 2640 530 2718 potins
552 2658 600 2696 me
622 2639 729 2698 condis
756 2643 855 2720 aquis,
879 2641 927 2700 vel
946 2643 1048 2700 reddis
1071 2661 1192 2714 arenae,

369 2724 437 2785 Nec
458 2724 653 2783 defraudatur
671 2725 778 2785 funere
801 2734 882 2784 terra
901 2727 978 2785 suoi

326 2895 395 2971 723
611 2888 652 2953 Al
673 2892 708 2954 ul
727 2897 820 2955 notice
841 2893 962 2976 βαρεῖα.
1184 2967 1187 2974 ¹

327 2980 376 3039 Ah
397 2981 437 3037 eh
455 2980 521 3038 dira
540 2980 619 3051 lues,
643 2999 712 3037 nam
737 2998 816 3057 quae
840 2980 1023 3053 iuvenilibus
1045 2979 1133 3038 aunis

369 3065 498 3138 Invidia,
521 3066 631 3124 aetatis
654 3074 780 3141 perpete
802 3067 878 3124 flore
900 3065 975 3124 fruit

326 3148 408 3208 Nam
428 3150 510 3226 prius
531 3149 645 3209 orbasti
666 3147 861 3208 Timarchum
882 3150 996 3208 lumine
1016 3148 1107 3219 vitae,

371 3235 470 3309 Quam
491 3243 603 3312 nuptae
625 3236 798 3311 potuit·0ra
817 3236 919 3293 videre
943 3253 1025 3293 suae.

326 3424 345 3481 γ
355 3402 395 3462 32
603 3400 683 3464 Γαῖα
705 3403 759 3484 μὲν
784 3401 815 3464 ἐν
837 3399 972 3466 κόλποις.

327 3488 425 3546 Terra
442 3487 512 3546 sinu
532 3490 634 3567 magni
657 3490 867 3568 complectitur
888 3504 963 3546 ossa
982 3484 1134 3556 Platonis,

368 3574 427 3631 Ast
448 3573 550 3632 anima
571 3574 727 3634 ordinibus
749 3583 856 3635 sancta
875 3575 999 3649 recepta
1019 3571 1128 3629 Deum
1141 3573 1198 3626 est.

327 3656 422 3717 Cuius
440 3657 546 3716 Aristo
570 3668 665 3734 potor,
684 3660 794 3720 fruitur
814 3660 865 3735 qui
885 3658 953 3716 luce
971 3658 1123 3716 Deorum:

368 3741 466 3817 Quom
485 3744 585 3802 bonus
606 3744 760 3804 admirans
784 3745 829 3803 vel
853 3743 956 3821 procul
980 3742 1081 3801 omnis
1099 3743 1187 3798 amat.
