3000 4725
698 617 738 676 77

259 784 324 846 Nos
341 786 463 863 patriae
482 784 599 845 utilitas
621 803 721 845 annos
742 804 903 845 numerare
926 785 1057 844 vetabat.

259 872 325 948 Quo
346 870 521 947 properas?
543 888 606 942 cur,
629 888 707 945 qnae
726 870 828 929 valide
849 870 978 930 defensa
999 870 1111 931 dedisti

170 1018 171 1025 χ
259 954 394 1033 Oppida,
417 972 492 1030 quas
514 956 603 1014 toties
627 955 769 1027 servasti,
789 954 907 1014 deseris
929 956 1037 1015 arces?

257 1042 383 1117 Aspice,
405 1040 539 1098 luctifico
560 1039 724 1099 miscentur
747 1048 779 1097 ut
801 1040 905 1098 omnia
921 1040 1055 1115 planetu,

258 1126 367 1187 Omnis
390 1132 423 1183 ut
445 1143 502 1183 ora
522 1142 608 1183 suum
631 1125 783 1184 desideret
803 1125 879 1183 orba
899 1133 1067 1201 parentem.

256 1210 326 1271 Heu
348 1217 453 1268 curte
475 1208 557 1269 vitiis
579 1210 646 1269 aevi
666 1209 840 1286 praesentis
861 1210 997 1285 iniquum

257 1296 352 1357 Ocior
374 1313 450 1352 aura
470 1294 560 1352 tulit?
581 1293 653 1353 Non
676 1302 706 1353 te
729 1295 872 1371 preciosa
893 1302 1049 1355 morantur

255 1380 405 1459 Pignora,
428 1386 620 1457 praestantes
642 1380 722 1437 lecta
741 1398 809 1437 cum
828 1380 957 1456 coniuge
979 1382 1063 1439 nati?

256 1464 330 1524 Non
350 1464 500 1541 inculpati
521 1465 677 1523 convictus
701 1473 827 1523 strenua
845 1466 992 1536 membra,

257 1549 436 1610 Castrorum
457 1549 595 1628 comites,
619 1568 676 1625 per
698 1558 744 1608 tot
769 1548 1066 1623 discriminassem,

256 1635 419 1693 Indeserta
438 1641 508 1691 tuae
527 1634 667 1692 fortunae
690 1635 779 1711 signa
800 1633 916 1691 secuti?

255 1724 314 1779 Ast
336 1739 405 1797 ego,
429 1736 518 1793 quem
539 1736 681 1794 suprema
700 1719 771 1777 terit
785 1717 846 1776 iam
869 1718 952 1775 calce
969 1728 1122 1791 senectus,

257 1805 340 1881 Quid
362 1802 482 1863 steriles
502 1822 612 1875 annos,
635 1804 705 1877 quid
727 1802 834 1861 inutile
855 1802 999 1861 demoror
1020 1822 1140 1878 aevum,

257 1888 291 1951 Si
316 1907 414 1967 genus
436 1887 556 1947 Heroas
579 1888 665 1946 nullo
686 1886 860 1965 superabile
880 1887 964 1946 bello
988 1911 991 1920 ·

256 1976 396 2046 Morbus,
421 1980 451 2031 et
469 1973 611 2049 ancipitis
632 1973 712 2050 rapit
733 1972 928 2031 inclementia
946 1972 1023 2030 fati?

258 2060 285 2119 Ο
306 2057 418 2136 patria,
444 2077 462 2116 o
486 2058 589 2135 magni
609 2058 796 2117 dominatrix
816 2056 920 2117 Gallia
938 2057 1035 2135 regni,

259 2142 293 2204 si
314 2144 383 2220 quis
405 2162 492 2201 amor
513 2144 577 2201 veri
597 2150 654 2215 est,
676 2143 702 2202 si
722 2152 753 2201 te
778 2152 830 2200 tua
848 2142 975 2201 vulnera
997 2150 1134 2221 tangunt,

258 2228 344 2287 Pelle
366 2229 457 2287 situm
480 2228 573 2287 senii:
596 2229 707 2286 nubem
730 2228 863 2287 eluctare
882 2228 1000 2286 veterni

259 2314 393 2390 Antiqui,
413 2330 607 2390 mersumque
632 2313 718 2391 gravi
736 2320 826 2390 caput
848 2331 940 2373 exere
961 2332 1081 2374 somno.

262 2402 301 2459 At
319 2399 451 2458 nondum
475 2399 588 2469 clades,
609 2399 743 2457 nondum
765 2407 817 2458 tua
837 2399 946 2458 funera
970 2399 1090 2459 sentis?

260 2485 410 2544 Paulatim
434 2485 599 2560 floremque
622 2484 741 2557 ducum,
765 2484 897 2560 bellique
919 2484 1076 2543 ministros

261 2569 414 2647 Corporis.
438 2570 495 2628 hos
513 2570 637 2627 morbus
651 2569 742 2645 rapit,
762 2569 819 2628 hos
832 2571 916 2627 Mers
935 2568 1048 2645 impius
1061 2569 1173 2627 hausit.

261 2654 364 2714 Funde
385 2662 438 2712 tuo
460 2654 601 2713 lacrimas
623 2671 797 2729 supremum
820 2672 929 2712 munus
953 2653 1087 2712 alumno.

260 2737 325 2801 Stet
346 2738 490 2801 tumulus.
512 2739 659 2797 tumulum
679 2739 780 2816 signet
801 2738 997 2815 superaddita
1021 2756 1141 2796 caussa.

259 2824 348 2886 Hunc
369 2824 527 2896 tumulum,
550 2831 580 2882 et
601 2822 708 2882 tumuli
727 2823 847 2881 titulum
870 2840 926 2881 sua
939 2821 1042 2881 Gallia
1062 2829 1151 2897 rapto

259 2909 455 2982 Castanidae‚
476 2927 535 2984 quo
561 2909 643 2966 mille
667 2908 759 2966 duces
782 2906 886 2966 amisit
906 2907 938 2964 in
959 2926 1032 2966 uno.

411 3003 483 3053 Obiit
498 3019 566 3053 anno
587 3001 660 3065 1595,
679 3003 722 3052 111
740 3003 800 3054 Kal.
818 3001 945 3052 VIlIbris.

332 3159 398 3216 Deo
418 3168 476 3232 opt.
502 3177 577 3218 maa.
599 3179 713 3219 camum
737 3169 765 3217 et
783 3161 935 3217 memoriae
954 3166 1095 3215 octonae.

298 3241 457 3301 Ludovico
489 3241 641 3303 Castaneo
669 3243 873 3302 Prulliacensi
900 3250 930 3300 et
959 3240 1173 3300 Malavallensi

259 3327 378 3398 baroni,
393 3325 494 3386 (lastri
504 3327 618 3388 Posaci
627 3329 732 3388 Tufolr
746 3336 776 3386 et
786 3330 908 3387 Abeunt
920 3326 1173 3399 dominautrius-

258 3432 314 3488 que
336 3411 453 3472 ordinis
473 3413 564 3487 equiti
588 3422 734 3488 torquato,
754 3414 839 3490 regio
858 3412 938 3470 intra
957 3431 1076 3471 sacrum
1098 3410 1173 3470 Gal·

258 3497 365 3556 liarum
403 3498 619 3558 consistorium
651 3497 840 3571 consiliario,
876 3505 991 3556 turmae
1021 3497 1173 3573 quinqua·

258 3583 341 3660 ginta
372 3582 505 3656 equitum
529 3584 792 3660 cataphractorum
816 3583 984 3659 praefecto,
1005 3582 1174 3657 utriusque

257 3667 363 3726 limitis
395 3666 592 3726 Lemovicani
619 3669 684 3728 vice
711 3668 798 3744 regia
816 3669 934 3742 rectori,
958 3688 978 3726 a
998 3667 1097 3744 primo
1121 3684 1173 3724 ae·

260 3752 328 3810 tatis
352 3751 494 3812 tirocinio
517 3754 548 3812 in
571 3753 688 3812 actibus
708 3752 839 3830 publicis
858 3772 894 3812 ac
912 3753 1031 3812 bellicis
1051 3758 1174 3810 strenue

262 3855 296 3895 ac
312 3836 444 3895 fideliter
466 3845 601 3912 versato,
617 3838 721 3898 multis
738 3837 944 3916 legationibus
962 3856 1018 3914 pro
1032 3835 1174 3896 christia·
