3000 4725
627 618 778 714 Qa—

255 787 398 847 Vitisator
418 789 553 860 hastam,¹
568 790 702 847 membra
724 790 826 847 vineto
846 788 1020 866 implicans)

255 870 449 948 Tarchonque
470 880 533 931 tum
554 872 720 946 Turrcnus‚
738 874 885 932 immanes
908 874 972 949 lupi

255 954 340 1017 Sanci
359 958 493 1015 ferentes
515 956 658 1017 Herculis
681 958 851 1034 primordia.

254 1040 311 1101 Ubi
333 1043 474 1101 refertam
497 1042 655 1120 glisceram
677 1057 814 1103 mensam
835 1042 945 1117 dapum

254 1124 384 1186 Tandem
406 1140 541 1186 voratam
564 1128 757 1203 conspicatus
779 1127 918 1198 asseclis,

254 1211 447 1271 Oraculorum
468 1212 521 1269 fiet
537 1213 692 1287 antiquum
713 1225 839 1285 memor,

252 1296 417 1375 Pinguique
441 1297 497 1355 sub
519 1298 719 1375 Aboriginum
740 1298 808 1356 solo
832 1304 927 1356 suaet

252 1380 335 1441 Ultra
357 1382 483 1440 Latinos
506 1389 594 1457 atque
618 1382 758 1440 Daunias
781 1382 857 1441 sitas

253 1464 372 1539 Turres,
395 1467 526 1525 alumnis
547 1467 700 1526 fabricans
723 1486 849 1525 numero
871 1470 959 1541 pares

253 1549 373 1610 Scrofae
394 1551 537 1628 nigellae,
562 1570 648 1625 quarn
669 1554 706 1610 ab
726 1552 827 1610 Idaeis
847 1552 925 1629 iugis

251 1636 288 1694 Ilt
309 1636 480 1694 Dardaneis
502 1632 627 1695 collibus
649 1635 768 1693 ductam
790 1638 908 1709 avebat,

253 1718 333 1793 Quae
351 1729 394 1779 tot
417 1720 542 1778 nutrivit
564 1721 611 1797 his
634 1739 722 1795 pares
744 1740 870 1778 numero
890 1738 1009 1780 sacres:

251 1805 285 1862 In
305 1808 378 1865 urbe
401 1806 487 1863 cuius
508 1814 601 1880 ponet
618 1824 679 1862 una
699 1805 861 1882 imaginem

252 1887 356 1968 Sigillo
381 1891 492 1962 aheno,
516 1889 691 1965 dalicosque
713 1889 888 1966 grundules.

251 1974 288 2032 Et
308 1976 383 2034 aede
408 1982 521 2033 structa
543 1974 685 2050 Myndiae
710 1974 875 2046 Pallenidi‚

252 2058 383 2119 Delubra
406 2067 500 2135 ponet
522 2059 687 2135 patriorum
709 2060 899 2135 praestitum,

251 2142 332 2218 Quae
354 2145 433 2217 sola,
455 2151 557 2220 spreta
576 2162 683 2216 uxore,
704 2144 813 2219 spretis
834 2144 951 2215 liberis,

251 2230 386 2306 Aliisque
407 2248 515 2304 capum
536 2248 636 2286 rerum
659 2228 875 2305 opimitatibus‚

252 2312 385 2374 Tandem
407 2314 498 2374 senili
514 2332 580 2372 cum
601 2323 726 2390 parente
747 2309 897 2391 praeferet

251 2399 361 2460 Velans
383 2400 506 2462 amictu.
529 2418 594 2458 cum
615 2419 706 2458 canes
727 2400 849 2457 duellici

251 2485 285 2542 In
308 2493 416 2544 cuncta
434 2484 530 2560 spolia
554 2486 712 2543 sortientes
738 2486 863 2560 patriae,

252 2567 316 2630 Soli
338 2570 410 2628 huic
433 2570 471 2627 ab
493 2569 569 2644 ipsis
591 2569 715 2628 aedibus
738 2569 878 2644 praedam
901 2568 1030 2626 offerent

251 2654 288 2712 Et
310 2671 421 2713 munus
445 2661 603 2729 exportare
625 2653 706 2727 quod
719 2654 811 2712 ¹cordi
828 2653 902 2711 fuat.

253 2737 301 2799 Sic
323 2741 408 2799 visus
431 2737 521 2795 etiam
541 2737 745 2813 perduellibus
766 2739 845 2812 pius,

253 2825 378 2882 Multum
402 2823 551 2881 cluentem
570 2822 658 2879 laude
681 2822 754 2878 belli
775 2817 900 2897 patriam

251 2907 427 2968 Recidivam
451 2916 481 2965 et
500 2908 598 2983 ipsam
621 2906 741 2966 deseret
763 2906 924 2981 nepotibus

251 2992 375 3065 Urbem,
400 3011 539 3068 suprema
560 2993 644 3050 iuxta
667 2989 784 3049 Circaei
806 2992 886 3067 iuga,

250 3077 289 3136 Et
309 3088 378 3137 trux
397 3077 529 3135 Maricae
553 3077 648 3148 littus,
671 3085 762 3152 atque
784 3079 884 3152 Argus
904 3072 991 3146 ratis,

251 3162 386 3221 Phorcae
408 3161 525 3238 paludis
546 3162 739 3219 Marsionidis
759 3161 857 3219 lacum

253 3246 469 3324 Titaniumque
492 3247 614 3318 flumen,
636 3246 753 3304 arcanis
775 3247 895 3303 humum

251 3331 379 3391 Rimans
403 3339 521 3407 opertas
541 3332 573 3389 in
594 3331 657 3390 vias
681 3330 848 3402 canalibus,

253 3415 405 3475 Cacumen
429 3424 458 3474 et
479 3416 660 3488 Zosterium‚
679 3434 739 3490 qua
760 3414 884 3492 virginis

251 3501 374 3560 Faunae
398 3499 533 3577 Sibyllae
555 3519 712 3576 scrupeum
730 3517 839 3576 specus
861 3505 960 3573 patet3

252 3585 408 3646 Pandente
429 3588 483 3646 tofi
503 3587 682 3646 fornicatum
705 3585 831 3660 pumice.

253 3671 310 3729 Tot
331 3672 502 3730 execranda
523 3679 606 3728 tanta
628 3670 781 3746 perferent
801 3668 891 3741 mala,
1002 3728 1004 3732 .

252 3757 341 3814 Meae
363 3757 513 3832 parabunt
529 3756 580 3830 qui
599 3755 703 3814 ruinas
719 3755 849 3830 patriae.

254 3838 332 3914 Quid
355 3841 435 3900 enim
456 3841 572 3916 parenti
594 3841 716 3898 maximi
737 3836 911 3899 Promethei
