3000 4725
772 638 814 699 ⁴8

333 801 415 860 Nam
439 803 501 861 sint
521 822 571 873 ne,
593 803 718 875 ciocum,
741 823 798 861 uec
817 822 869 877 ue,
890 826 949 864 non
968 808 1131 865 interdain
1154 838 1191 853 ·-

333 887 384 944 Illi
405 888 506 963 igitur,
526 887 660 961 inquam,
680 907 735 947 seu
754 888 880 960 Poetae,
903 892 968 949 sire
990 912 1062 965 non,

334 970 417 1031 Satis
440 972 598 1031 modorum
622 972 796 1049 diligentes,
818 984 950 1033 ceterum

335 1055 510 1116 Sermonem
530 1058 632 1132 iniquo
652 1059 808 1133 pensitant
828 1062 979 1119 examine.

333 1142 534 1215 Lasciviaque
554 1161 614 1200 nou
639 1144 775 1213 ferenda,
796 1146 893 1203 nescii

335 1227 405 1301 Qua
425 1227 518 1307 prisci
542 1227 665 1285 honoris
687 1236 773 1302 parte
794 1240 934 1287 servetur
953 1238 1054 1302 tenor,

335 1309 421 1369 Graii
442 1312 577 1368 cothurni
599 1312 741 1383 nobilem,
762 1322 872 1385 catam,
896 1334 1031 1390 gravem,

334 1396 441 1453 Tubae
465 1396 561 1454 virilis
581 1397 747 1453 intonatam
767 1398 949 1469 incentibus,

333 1480 445 1539 Nervis
462 1481 594 1537 adultam
618 1491 647 1538 et
670 1482 784 1539 viribus
807 1481 1013 1559 Tragoediam

333 1566 540 1623 Deartuarunt
559 1585 630 1623 voce
652 1567 806 1643 languiflci
825 1570 893 1625 soni

335 1651 490 1711 Orationis
514 1670 647 1727 nuperae
668 1652 813 1723 novitiae,

334 1734 411 1795 Stilo
432 1737 565 1811 pedestri
588 1744 618 1793 et
638 1736 794 1794 femininis
815 1735 945 1793 naeniis.

332 1820 560 1880 Homuucioues
582 1821 637 1876 hoc
659 1821 811 1879 venustuli
829 1830 860 1877 et
880 1822 940 1876 cati

333 1904 400 1965 Sibi
422 1907 571 1977 videntur,
595 1906 650 1965 hoc
674 1906 756 1963 beati
777 1925 813 1962 ac
835 1906 957 1975 divites,

333 1988 513 2064 Suadaeque
534 1989 649 2047 alumni
668 1999 699 2048 et
722 1991 847 2047 Venerii
871 1988 1022 2065 nepotuli:

331 2076 478 2148 Adeoque
501 2074 633 2149 positum
656 2075 705 2133 vel
725 2076 785 2132 sibi
805 2075 837 2131 in
858 2075 959 2133 medio
982 2081 1091 2150 putant

332 2158 507 2216 Tractanda
529 2159 559 2215 iu
582 2167 647 2216 arte
667 2160 787 2217 Musica
805 2158 996 2235 palmarium.

375 2247 416 2301 At
430 2242 603 2301 Gratiarum
622 2252 727 2318 pectus
747 2245 932 2317 abstrusum,
950 2244 1095 2319 optimus,

331 2328 431 2387 Docte
451 2327 616 2405 expolitus,
637 2336 727 2404 atque
748 2328 916 2387 liberaliter

332 2415 502 2472 Instructus
526 2414 607 2470 omni
627 2414 783 2470 literarum
808 2414 905 2490 copia,

331 2499 431 2558 Poeta
452 2507 557 2558 noster
578 2499 657 2558 inter
680 2499 737 2558 hos
759 2497 892 2559 medium
910 2497 992 2558 serit.

331 2584 476 2641 Veterum
500 2603 597 2658 neque
619 2584 666 2640 illi
688 2584 802 2662 ignava
821 2583 1008 2666 negligentia

331 2668 448 2740 Placet,
468 2677 520 2725 aut
541 2688 683 2726 novorum
706 2670 836 2727 obscura
857 2667 1024 2744 diligentia.

331 2754 454 2813 Florem
475 2754 589 2829 leporis
613 2752 764 2825 Scaenici,
785 2763 875 2829 atque
896 2753 1043 2824 Musicae,

331 2839 468 2914 Utroque
491 2839 625 2898 numeris
647 2840 829 2916 temperavit
851 2847 882 2896 et
902 2839 982 2910 stilo,

333 2924 449 2982 Priscis
475 2924 582 2984 Poetis
606 2925 741 2994 comtior,
765 2924 874 2982 melior
892 2924 990 2982 novis.

373 3009 463 3067 Nunc
483 3029 551 3086 ego,
574 3010 645 3083 quid
658 3010 777 3080 adsum,
795 3028 923 3084 quamve
937 3027 1002 3065 rem
1014 3006 1097 3077 veui,
1110 3003 1262 3078 eloquar:

331 3093 444 3151 Favete
465 3095 578 3172 linguis
602 3113 669 3166 vos,
690 3103 720 3152 et
741 3094 874 3151 animum
897 3093 1057 3151 advortite.

331 3178 479 3236 Desmota
501 3179 620 3239 Graeca
643 3188 690 3236 est
710 3179 865 3255 Aeschylu
887 3178 1073 3254 Tragoedia;

331 3263 430 3321 Poeta
450 3272 552 3322 noster
576 3265 666 3322 vertit
685 3264 770 3320 illam
789 3265 931 3320 barbare:

332 3348 480 3421 Illamque
500 3350 632 3425 opimam
655 3357 685 3406 et
703 3350 827 3406 uberem
847 3347 1021 3404 facundiam

332 3433 372 3490 Et
393 3434 555 3507 scriptione
578 3443 625 3492 est
645 3442 805 3492 assecutus
829 3441 860 3489 et
883 3432 971 3492 stilo:

334 3517 374 3577 Ut
396 3519 527 3593 nequid
550 3519 626 3577 inibi
647 3519 749 3595 possit
770 3517 935 3576 iuvenirier

332 3603 444 3660 Errore
467 3602 624 3675 omissum,
647 3604 712 3661 sive
733 3602 970 3680 perperitudiue.

333 3687 422 3745 Hauc
442 3705 512 3764 ergo
531 3679 616 3745 vobis
634 3688 770 3746 fabulam
790 3708 807 3746 e
828 3696 931 3746 vetere
952 3703 1068 3744 unvam-

333 3772 476 3850 Adporto.
499 3780 612 3830 tantum
636 3781 691 3831 est.
714 3792 771 3832 vos
792 3772 892 3831 valete
914 3779 944 3828 et
964 3770 1067 3828 vivite.
