3000 4725
675 596 734 656 361

252 767 308 828 Ast
330 764 408 823 alius
432 764 472 823 ad
491 764 615 823 lavacra
634 764 859 824 inextricabiles

251 850 366 925 Laquei
387 850 526 909 nocentis
549 868 657 909 caecus
682 850 845 927 explorans
868 848 944 919 vias,

253 934 408 996 Scelestae
429 934 557 993 amictus
580 934 738 994 involucro
759 932 926 1009 compedes

251 1020 390 1079 Manibus
409 1020 542 1095 requiret
563 1020 717 1096 impeditis
740 1018 860 1077 exitusr

253 1102 443 1179 Gareamque
466 1106 570 1163 subter
592 1104 696 1163 balnei
720 1104 858 1174 urinans,
880 1102 979 1160 lacum

251 1188 385 1249 Gerebro
403 1197 541 1249 recenter
561 1197 651 1266 atque
672 1188 845 1267 pollubrum
863 1188 989 1258 imbuet,

252 1273 351 1335 Saena
373 1273 500 1351 bipenni
522 1274 648 1335 dissitus
669 1273 801 1331 medium
825 1280 923 1349 caput.

250 1363 292 1418 At
312 1358 418 1416 umbra
439 1359 525 1435 pulla
545 1359 714 1435 pervolabit
734 1358 918 1430 Taenarum,

251 1448 369 1503 Aversa
389 1444 595 1503 abominanda
620 1451 759 1520 scraptae
783 1444 896 1501 munia.

250 1529 316 1607 Ego
335 1530 423 1587 stabo
444 1537 571 1605 propter
594 1529 712 1588 naviam
734 1529 838 1586 iacens
858 1528 960 1599 humo,

250 1613 361 1673 Divisa
379 1614 514 1671 aheneae
535 1614 650 1673 securis
674 1616 810 1684 verbere,

251 1697 327 1757 Cum
348 1698 390 1755 mi
410 1698 549 1774 sopinum
570 1698 703 1775 stipitem
725 1706 777 1756 aut
797 1706 933 1754 truncum
956 1696 1035 1756 ilicis

250 1783 416 1842 Frondator
434 1784 544 1858 aliquis
562 1792 595 1841 ut
616 1784 720 1858 opifex
739 1782 895 1853 lumarius,

249 1868 372 1927 Illustre
394 1868 506 1926 collum
529 1869 649 1946 franget
670 1877 700 1925 et
722 1876 837 1945 tergum
861 1874 980 1943 patens,

251 1953 292 2012 Et
313 1972 402 2011 omne
425 1954 535 2011 acerba
557 1954 716 2013 lancinans
740 1970 851 2028 corpus
873 1971 961 2009 cruce

250 2039 381 2097 Excetra
403 2038 506 2113 dipsas
527 2038 688 2096 imminens
705 2036 889 2108 cervicibus,

251 2124 317 2181 Iras
340 2140 460 2181 amarae
481 2123 551 2183 bilis
576 2122 710 2198 explebit
732 2140 814 2192 suas,

250 2208 293 2267 Ut
314 2226 376 2266 non
398 2208 491 2265 duelli
511 2208 576 2267 iure
596 2216 724 2284 captam,
745 2215 777 2263 at
800 2208 962 2265 succubam

251 2292 381 2354 Stimulo
401 2293 514 2351 furoris
533 2294 594 2353 ulta
619 2312 667 2351 me
688 2291 877 2370 implacibili,

243 2377 359 2439 =Surdis
383 2378 515 2455 querelis
539 2379 697 2456 coniugem
721 2379 856 2436 clamans
875 2379 991 2450 herum,

251 2461 378 2522 Curram
400 2472 525 2538 repente
548 2465 715 2522 convolans
739 2463 909 2540 perniciter.

251 2547 314 2609 Sed
335 2548 485 2625 Vertegus
504 2549 642 2624 parentis
665 2548 815 2624 indagans
838 2566 954 2620 necem,

250 2631 391 2692 Crudelis
416 2651 520 2692 ensem
545 2641 660 2710 merget
682 2633 761 2690 extis
784 2633 921 2707 viperae:

250 2717 375 2776 Gentile
396 2736 508 2776 sanans
532 2718 678 2794 prodigus
702 2716 815 2774 malum
836 2716 930 2774 malo.
970 2732 973 2740 ’

250 2801 315 2862 Sed
334 2802 380 2860 vir
401 2821 497 2874 meus,
519 2822 575 2860 rex
599 2800 760 2861 servientis
783 2800 930 2877 coniugis,

250 2886 379 2964 Lepidis
403 2888 516 2945 coletur
539 2886 701 2964 Spartiatis
723 2886 871 2962 Iuppiter,

249 2971 410 3030 Honorum
432 2973 559 3049 adeptus
586 2971 696 3032 Oebali
716 2970 795 3028 netis
817 2969 937 3044 vice[s].

248 3058 339 3118 Meus
361 3076 418 3115 nec
437 3059 515 3116 ultra
539 3058 636 3115 cultus
656 3056 845 3133 ignorabitur

251 3141 424 3202 Obliviosis
445 3144 571 3202 obrutus
592 3141 738 3200 silentiis:

249 3225 422 3302 Colentque
440 3228 562 3302 templis
584 3227 745 3304 optimates
768 3225 882 3283 Daunii

249 3310 363 3388 Salpas
385 3312 423 3370 ad
443 3331 539 3385 oram,
559 3312 668 3387 quique
692 3319 817 3371 servant
838 3311 1014 3370 Dardanum

248 3397 378 3468 Urbem,
399 3397 520 3474 paludis
542 3397 673 3472 proximi
691 3397 839 3473 voragini.

244 3479 315 3556 ‚See
337 3491 368 3540 et
387 3491 530 3542 caventes
550 3482 709 3561 coniugale
731 3481 894 3554 vinculum,

247 3565 354 3627 Pusae
374 3568 507 3626 virorum
528 3567 629 3626 taedio
649 3567 826 3624 deformium

249 3649 359 3710 Comis
382 3661 521 3711 recenter
541 3651 685 3711 Hectoris
709 3652 878 3709 nitentium.

246 3735 421 3815 Insigninm
445 3738 561 3796 formae
584 3745 636 3794 aut
657 3737 738 3795 notis
758 3736 915 3810 natalium,

247 3824 333 3880 Arae
353 3822 482 3882 lacertis»
498 3815 731 3898 implicabuntur
752 3840 849 3894 meae,
963 3845 983 3881 ,·
