3000 4725
686 648 748 708 395

262 816 421 879 Semiferis
445 819 534 878 sociis
555 819 594 876 ad
614 820 822 895 pandiculeris
842 836 930 877 sacra

259 902 344 975 Dux,
368 904 453 976 adea,
476 904 725 982 expergefaciens
749 902 925 964 vitulamina
944 904 1070 977 alumni,

261 987 338 1049 com
354 988 524 1048 'Brumabu'
543 990 603 1049 tuis
627 989 778 1049 comitans
799 991 876 1048 bene
897 989 957 1045 rite
976 996 1105 1064 patrata,

260 1073 348 1132 Haec
371 1082 516 1132 nocturna
535 1088 632 1148 sacra,
655 1075 791 1134 allucens
813 1074 935 1133 comitia
957 1083 1072 1147 sancta,

259 1158 370 1233 Iubile,
393 1158 613 1237 thyrsigerons,
639 1167 725 1218 coetu
749 1160 877 1219 florente
901 1176 1069 1219 serescens.

443 1329 538 1385 Divae
564 1330 682 1387 Veneria
707 1330 848 1406 Volupioe
870 1348 994 1387 sermea
1134 1329 1175 1388 54

260 1410 437 1489 Caeligena,
459 1412 600 1486 illustris,
622 1415 735 1487 ridens,
759 1424 867 1493 arguta
883 1414 1048 1484 Venustus,

260 1495 449 1574 Spumigena
472 1518 489 1555 o
508 1498 651 1575 genitrix,
673 1501 878 1575 pernoctatrix
901 1498 1083 1571 veneranda,

260 1580 434 1659 Coniugula
450 1590 481 1640 et
498 1592 655 1657 nocturna,
680 1592 710 1642 et
731 1586 779 1644 vis
802 1593 869 1643 cata
887 1592 984 1642 mater
1007 1583 1137 1655 amicae3

260 1666 375 1728 Omnia
395 1686 466 1724 nam
492 1686 531 1725 ex
552 1677 593 1742 te,
615 1678 647 1727 tu
669 1669 816 1729 invexisti
834 1670 957 1727 foedera
978 1668 1096 1727 mandit

256 1754 299 1811 Et
319 1752 409 1809 trium
431 1752 498 1809 iura
519 1761 604 1813 tenes
627 1756 802 1828 Morturum,
823 1763 931 1812 cuncta
951 1754 1098 1831 genisque

259 1837 354 1898 Omni
373 1837 482 1910 modis,
503 1839 579 1896 coeli
598 1847 628 1896 et
651 1840 741 1897 terrai
761 1840 929 1917 frugiferai,

257 1924 300 1982 Et
322 1922 398 1980 salsi
418 1924 532 1995 mundi,
555 1942 680 1999 praeses
702 1925 897 1984 sanctissima
918 1924 1034 1994 Brumi,

259 2006 489 2067 concelebrans
511 2008 631 2083 epulas,
656 2028 673 2066 o
694 2011 843 2084 pronuba,
867 2017 963 2066 mater
983 2026 1128 2080 amorum,

259 2091 375 2164 Suada,
397 2099 427 2149 et
450 2093 610 2151 strativola
629 2112 751 2166 arcana,
775 2103 807 2152 et
827 2095 894 2153 sali’
916 2091 1116 2164 conciliatrix,

257 2178 348 2250 Visa,
365 2176 476 2251 invisa,
500 2196 603 2237 comas
625 2179 839 2255 pulcherrima,
861 2180 993 2257 patrima
1010 2177 1081 2249 Dia,

259 2260 433 2338 Sponsalis,
456 2263 591 2337 conviva,
616 2263 717 2322 Deum
740 2266 882 2338 Molesta,
905 2265 1055 2340 Luperca,

258 2346 407 2408 Prolifica
428 2356 458 2406 ct
477 2348 601 2422 Vituna,
622 2350 736 2422 virosa,
759 2350 914 2410 Lubentia
933 2358 1038 2409 mater.

260 2431 405 2508 Quaeque
427 2441 526 2493 arctas
547 2435 682 2494 homines
705 2438 901 2514 compagibus
923 2436 1146 2508 illecebrarum,

258 2519 302 2577 Et
322 2537 418 2595 genua
443 2538 533 2577 omne
556 2520 742 2578 animantum
767 2530 890 2579 aeterno
910 2521 1033 2579 volnere
1051 2521 1179 2592 amoris3

258 2603 356 2664 Adsis
377 2605 570 2681 caprigenum
590 2623 737 2682 sanguen,
762 2607 826 2664 sive
848 2606 926 2663 atria
946 2605 1031 2664 Coeli

258 2688 322 2748 Dia
341 2689 464 2764 premis,
487 2689 590 2747 ridens
609 2692 716 2768 regina
732 2690 863 2748 micante
879 2690 1005 2761 labello,

260 2773 422 2832 Turiferae
444 2773 549 2834 Surias
572 2790 626 2832 seu
646 2775 759 2833 lustras
780 2775 893 2849 templa
916 2776 1016 2845 beata,

260 2857 336 2918 Sive
356 2859 388 2916 in
409 2860 592 2934 aequoribus
617 2860 715 2935 campi
740 2859 962 2934 splendentibu’
982 2858 1063 2936 bigis

259 2943 394 3019 Propter
414 2945 531 3003 habens
553 2953 682 3022 augusta
700 2944 833 3004 Melonis
855 2945 980 3001 flumina
1001 2943 1105 3019 opimi,

259 3028 320 3088 Vel
341 3029 367 3087 si
386 3028 539 3088 littoribus
557 3030 659 3105 pullis,
682 3049 777 3106 prope
797 3048 949 3086 marmora
970 3026 1053 3103 ponti

262 3111 432 3172 Ocelituum
453 3114 569 3192 gaudes
590 3114 672 3172 Diva
695 3110 896 3173 exultantibu’
917 3113 1036 3202 turbis,

260 3201 325 3258 Aut
347 3200 438 3256 etiam
459 3199 596 3260 tremulis
620 3201 705 3276 pusis
727 3201 760 3258 in
780 3200 916 3277 gramine
940 3207 1039 3256 terrae

260 3283 416 3344 Littoreos
439 3284 477 3342 ad
499 3284 640 3360 pulvinos
665 3304 732 3343 cum
756 3293 900 3361 praepete
922 3302 1020 3354 curru,

263 3367 336 3430 Sive
356 3370 387 3428 in
411 3366 513 3444 Capro
536 3378 631 3427 matre
655 3377 718 3442 tua,
740 3371 793 3428 ubi
814 3371 872 3428 rite
894 3369 1036 3427 novellae

262 3453 310 3512 Te
335 3473 446 3530 pnerae
465 3455 622 3531 innuptae,
646 3462 676 3512 et
697 3464 821 3532 nuptae,
844 3456 981 3514 formosa
999 3447 1163 3528 quotannis

264 3536 491 3598 Concelebrant
511 3540 618 3617 regina
641 3547 730 3615 atque
742 3539 906 3616 indigetem
919 3540 1018 3598 Deum
1031 3538 1180 3597 Adonem.

262 3623 333 3682 Huc
355 3625 439 3683 adsis
462 3643 588 3701 compos
611 3626 779 3701 spectandi,
800 3625 882 3683 Diva
900 3623 1028 3702 leporis,

262 3707 344 3768 Nam
367 3729 444 3786 pura
466 3718 496 3767 te
516 3718 617 3768 mente
643 3709 712 3768 colo
735 3711 938 3786 precibusque
960 3707 1088 3786 pudicis.
