3000 4725
772 644 834 703 272
930 670 934 679 ¹

348 813 365 881 ζ
374 813 446 889 (35)
625 808 724 891 iiiios
736 806 840 892 Ἔρως
858 809 995 891 κραδίης.
1317 887 1318 899 ¹

347 896 406 958 Cor
426 895 527 957 solum
547 905 579 955 et
597 897 682 955 iecur
704 898 852 974 excipias.
872 898 902 957 in
926 907 1047 956 caetera
1067 900 1212 972 membra,
1317 916 1318 933 ³

387 986 468 1042 Acer
483 987 585 1053 Amor,
607 982 634 1041 si
653 982 700 1040 vis
720 982 840 1041 mittere
862 982 933 1055 tela,
955 983 1037 1041 licet.

348 1146 448 1230 ((36)
691 1141 808 1215 Ἕλκος
831 1145 906 1231 ἔχω.

345 1236 403 1298 Est
425 1235 500 1293 milri
519 1235 628 1294 vulnus
650 1237 756 1294 Amor.
782 1235 888 1295 sanies
910 1236 985 1293 mihi
1004 1244 1109 1294 manat
1126 1238 1166 1295 ab
1188 1237 1246 1296 illo

389 1321 540 1393 Lacrima,
564 1318 745 1379 inexhausto
771 1320 862 1397 culpa
877 1321 995 1397 liquore
1018 1322 1128 1381 madet.

346 1406 514 1483 Respirare
532 1405 645 1463 malum
666 1423 724 1462 nec
743 1423 793 1463 me
816 1405 908 1464 sinite
927 1406 996 1481 ipse
1017 1406 1168 1465 Machaon
1318 1404 1319 1483 l

388 1492 527 1549 Membra
548 1489 707 1549 salutifera
730 1508 787 1547 nec
808 1490 882 1549 mihi
903 1488 1015 1548 mulcet
1037 1510 1105 1567 ope.
1318 1484 1319 1489 ’

346 1576 501 1653 Telephus
524 1594 594 1634 esse
617 1574 697 1646 volo,
719 1582 751 1631 tu
775 1575 817 1633 sis
839 1575 912 1632 mihi
934 1575 1012 1633 fidus
1035 1574 1181 1635 Achilles.

389 1659 511 1733 Curam,
533 1659 652 1718 laesisti
673 1677 751 1733 quae
772 1660 960 1735 prius‚.ipse
980 1659 1058 1719 leva.

275 1861 278 1867 ,
347 1830 443 1906 c(37)
620 1819 698 1885 Εἰπὲ
718 1823 774 1885 τίνι
796 1822 917 1893 πλέξεις
938 1821 991 1886 ἔτι.

345 1914 404 1973 Dic
427 1915 475 1972 cui
496 1913 666 1989 dispositos
686 1931 836 1988 properes
861 1930 970 1970 ornare
993 1911 1146 1988 capillos?

387 1998 445 2059 cui
466 2016 572 2055 curare
594 2015 722 2073 ungues,
745 1996 793 2055 cui
819 1996 949 2054 nitidare
970 1997 1099 2057 manus?

346 2082 403 2143 Cui
427 2083 500 2141 colis
523 2082 659 2141 excoctis
680 2080 831 2157 conchylii
852 2080 947 2156 pallia
971 2081 1070 2139 succis

387 2169 492 2239 Ebria,
513 2168 651 2225 formosa
669 2174 731 2223 tam
754 2166 861 2242 procul
881 2185 900 2222 a
922 2166 1090 2243 Rhodopei

345 2252 439 2327 Queis
463 2252 559 2310 oculis
582 2269 650 2308 mea
671 2259 701 2308 te
722 2250 869 2327 Rhodope
889 2270 952 2308 non
977 2251 1141 2327 conspicor,
1164 2248 1229 2307 illis
1320 2240 1321 2283 ³

386 2337 543 2415 Usurpare
565 2336 645 2394 diem
667 2354 731 2396 uon
756 2354 812 2414 ego
834 2354 927 2411 posse
948 2343 1059 2412 putem.

347 2505 444 2581 c(38)
598 2497 661 2582 Τὴν
689 2498 805 2585 Νιόβην
823 2500 1003 2563 κλαίουσαν.

344 2591 483 2650 Flentem
506 2588 577 2646 olim
600 2587 726 2647 Nioben
749 2588 962 2665 contemplans
984 2590 1063 2648 forte
1086 2589 1234 2652 bubulcus
1321 2611 1322 2626 ¹

389 2675 565 2750 Obstupuit,
590 2682 694 2749 posset
714 2674 742 2732 si
764 2674 923 2732 lacrimare
945 2674 1034 2732 silex.

346 2760 458 2821 Contra
478 2768 539 2817 tum
558 2759 670 2836 longae
694 2777 845 2836 gemerem
869 2758 920 2833 qui
947 2759 1046 2818 noctis
1067 2760 1099 2817 in
1120 2759 1237 2829 umbra,

386 2846 525 2922 Euippae
545 2845 633 2902 virus
656 2863 715 2901 non
735 2844 815 2920 lapis
840 2843 980 2902 indoluit.

345 2931 412 2990 Hoc
432 2931 506 2989 facit
524 2948 595 2988 acer
616 2932 720 3000 Amor,
742 2947 843 2987 curam
868 2929 997 3004 partitus
1020 2925 1151 3002 nt'rique:

387 3017 426 3074 Et
444 3014 563 3074 Niobae
587 3033 606 3071 a
629 3013 721 3086 uatis,
744 3022 775 3070 et
798 3013 871 3072 mihi
895 3015 933 3072 ab
956 3015 1028 3090 igne
1047 3031 1127 3072 meo.

348 3181 444 3266 ((39)
594 3177 722 3263 Χρυσῆς
743 3179 912 3262 εἰρύσαασα
933 3179 1014 3261 μίαν.

344 3271 477 3346 Legerat
495 3267 622 3326 aureolo
642 3266 733 3325 Doris
757 3268 794 3325 de
819 3267 901 3325 crine
921 3267 1073 3344 capillum,

387 3355 438 3412 Ex
460 3352 514 3412 illo
535 3354 653 3429 palmas
675 3352 773 3409 vinxit
794 3360 937 3426 utrasque
960 3352 1043 3409 mihi.

345 3438 414 3497 Risi
437 3438 575 3512 equidem
594 3438 703 3512 primo.
726 3437 826 3496 nodos
850 3438 924 3494 mihi
950 3437 1076 3496 Doridis
1097 3435 1164 3494 illos

387 3521 481 3582 Visus
504 3531 569 3581 erat
590 3522 689 3580 facilis
712 3523 832 3581 solvere
853 3541 946 3598 posse
967 3521 1065 3580 labor.
1090 3553 1093 3558 ·

344 3610 418 3668 Mox
435 3607 546 3683 gemui,
565 3615 725 3682 postquam
743 3627 806 3666 non
826 3607 894 3682 rupi
913 3605 1044 3678 vincula,
1064 3615 1203 3680 tanquam
1321 3603 1322 3680 l

387 3695 480 3750 Artus
503 3691 679 3750 strinxisset
701 3692 777 3750 dura
799 3699 907 3750 catena
929 3709 1022 3750 meos.

345 3779 385 3838 Et
402 3795 482 3837 nunc
503 3776 611 3834 infelix
634 3795 693 3834 uuo
715 3786 803 3852 aptus
823 3776 917 3850 crine,
940 3775 1072 3850 potentis

388 3863 522 3939 Imperio
544 3860 708 3933 Dominae,
730 3881 790 3936 quo
811 3861 902 3920 trahit
924 3861 989 3934 ille,
1010 3877 1131 3934 sequor.
