3000 4725
502 618 506 626 “
617 636 767 733 ..85-

246 803 300 862 l'ro
322 804 409 865 cultis
433 804 539 883 elegis,
561 804 732 883 incomptas
755 806 851 866 fundo
874 808 1024 883 querelas.

245 888 306 947 Non
329 891 403 977 mibi
424 897 505 963 sunt,
527 908 604 965 quae
626 899 658 948 tn
679 890 831 965 quondam
853 891 978 951 laudare
1000 892 1132 966 sclebas,

245 974 278 1031 nt
300 976 369 1049 quia
388 975 549 1047 laudabas,
573 976 688 1034 cunctis
709 975 862 1052 placitura
883 979 998 1055 putavi,

246 1056 388 1119 Carmina.
407 1079 505 1135 saepe
528 1060 588 1120 tuis
611 1060 720 1135 quibus
745 1069 793 1120 est
815 1062 943 1121 audacia
965 1064 1065 1122 verbis

244 1144 356 1217 Addita,
380 1146 450 1203 dum
471 1144 572 1202 clarae
591 1151 728 1203 metuunt
750 1164 785 1205 se
806 1146 928 1206 credere
950 1148 1021 1210 luci.

245 1228 357 1303 Omnia,
379 1237 412 1288 tu
433 1230 567 1289 moriens
588 1230 664 1287 haec
684 1238 786 1288 tecum
808 1240 898 1308 rapta
917 1233 1023 1293 tulisti.

244 1312 348 1373 Omnia
368 1315 458 1373 ferali
480 1322 550 1374 sunt
570 1322 669 1373 tecum
692 1315 815 1373 condita
833 1316 929 1375 busto.

244 1398 380 1473 Oluces,
406 1421 424 1459 ο
450 1418 527 1475 qnos
549 1399 683 1472 memini,
709 1400 779 1458 dum
802 1401 866 1460 fata
885 1402 1036 1475 sinebant,

244 1480 398 1560 Colloquio
421 1484 501 1542 dulci
523 1492 622 1542 tecum
643 1504 692 1542 me
713 1486 844 1544 condere
865 1484 966 1547 Soles.

244 1567 266 1627 0
288 1570 376 1629 tritos
401 1588 540 1629 sermone
560 1569 636 1643 dies,
668 1579 698 1627 ct
719 1571 801 1629 seria
821 1572 928 1629 mixtis

242 1651 393 1713 Alternata
413 1654 498 1713 iocis.
523 1674 540 1712 o
564 1672 639 1729 quas
662 1656 795 1713 mirabar
816 1657 958 1730 adorans,

244 1736 432 1815 Oblitumquc
452 1739 512 1797 mai
531 1740 605 1797 mihi
626 1759 674 1798 ma
699 1760 828 1815 rapuere
850 1741 997 1815 loquelae.

242 1820 305 1881 Heu
325 1826 378 1883 ubi
398 1824 509 1882 conditi
531 1823 653 1902 placida
677 1824 825 1903 gravitate
846 1826 979 1903 lepores,

242 1909 332 1983 Atque
355 1910 490 1969 serenati
512 1909 614 1967 divina
636 1910 789 1969 modestia
810 1911 932 1969 vultus?

244 1991 266 2051 0
288 1993 428 2073 castigati
450 1992 606 2053 Obaritum
629 1995 764 2053 sacraria
786 2013 894 2054 mores.

243 2076 395 2156 Opissas,
418 2098 533 2139 ecana
554 2080 642 2153 fides,
666 2100 684 2138 ο
705 2080 802 2138 mixta
824 2082 972 2139 bonorum

242 2160 425 2242 Temperies.
446 2164 532 2224 Unus
555 2165 669 2238 babuit,
693 2185 771 2242 quae
790 2167 898 2224 flemus
922 2167 954 2224 in
976 2188 1047 2230 uno.

243 2249 278 2305 At
298 2269 353 2309 vos
380 2270 398 2307 o
422 2248 505 2326 digni
525 2248 634 2326 Pylios
656 2252 871 2309 transcendere
891 2251 980 2326 lines,

243 2330 276 2391 Et
295 2341 398 2394 tumen
419 2343 489 2394 ante
512 2321 592 2392 diem
613 2336 728 2394 crudeli
748 2336 855 2397 funere
876 2337 968 2414 rapti,

243 2416 359 2478 innocui
384 2421 504 2492 Manes,
524 2421 619 2479 nostri
639 2421 787 2480 libamina
808 2422 906 2481 luctus

243 2504 373 2583 Accipite
397 2506 453 2564 has
473 2505 626 2564 lacrimas.
651 2507 690 2564 Et
710 2526 787 2583 quos
811 2515 966 2583 praestare
979 2507 1132 2568 Camenae

243 2585 308 2647 Non
329 2599 460 2669 potuere
482 2609 579 2663 meae,
601 2591 701 2667 pietas
726 2599 912 2669 compenset,
937 2594 1077 2654 bonores.

332 2763 362 2819 7.
405 2761 579 2836 Eptcediam
595 2763 627 2818 la
645 2763 754 2819 obitum
779 2761 847 2817 Iani
868 2761 986 2820 Doacaa
1008 2763 1045 2820 F.

244 2837 292 2900 Sol
315 2845 367 2920 qui
392 2845 530 2904 labentes
551 2845 724 2904 insaecula
745 2844 858 2922 digeris
881 2864 989 2918 annos,

244 2922 310 2998 Quis
333 2930 444 2988 modus
468 2930 630 3006 exequiis?
654 2949 743 3006 quem
765 2929 813 2989 fas
837 2929 1021 2990 caelestibus
1043 2931 1108 3001 iris,

243 3011 297 3070 Aut
315 3015 515 3075 conclamatis
538 3015 629 3072 finem
651 3023 789 3092 spectare
810 3014 928 3074 ruinis?

245 3092 298 3154 Vix
316 3108 371 3158 tua
392 3100 510 3158 sidereo
530 3098 641 3178 relegis
661 3099 791 3178 vestigia
809 3119 917 3176 passu,

246 3176 396 3243 Clarorum
417 3185 549 3262 cupitum
573 3203 694 3262 semper
714 3205 796 3244 nova
815 3186 922 3243 funera
940 3184 1051 3257 cernis,

216 3323 220 3330 .
244 3262 278 3323 Ilt
297 3269 363 3328 sine
384 3283 481 3328 morte
499 3269 601 3344 aliqua
620 3289 773 3345 nunquam
795 3279 848 3328 tua
869 3270 958 3347 signa
978 3287 1132 3330 recenses.

244 3345 304 3410 Nec
324 3361 443 3412 tantum
466 3355 607 3414 exoriens
631 3355 776 3413 caelestia
796 3355 899 3413 sidera
924 3354 1044 3414 condis:

245 3430 392 3497 Deficiunt
408 3440 492 3515 ipsas
513 3440 603 3498 etiam
628 3459 683 3498 sua
706 3439 822 3498 lumina
841 3447 949 3512 terras,

246 3518 375 3582 Occidna
395 3542 522 3599 quorum
545 3525 678 3602 caligant
697 3525 820 3583 saecula
841 3525 920 3597 lnce,

247 3601 283 3663 Ut
299 3627 389 3683 quum
413 3617 444 3666 tu
468 3610 598 3685 pallens,
620 3610 724 3668 radios
749 3612 896 3668 subeunte
919 3628 1034 3683 sorore,

246 3685 343 3754 Rebus
366 3694 506 3754 ademisti
529 3695 629 3770 subita
649 3696 705 3753 sub
726 3702 813 3753 nocte
835 3695 978 3754 colorem.

247 3771 320 3854 Ergo
343 3779 413 3837 dum
436 3787 598 3858 praerepta
616 3780 690 3837 mihi
711 3786 758 3838 tot
779 3771 904 3858 pignora
924 3798 994 3837 cara

247 3853 373 3937 llantur,
401 3872 431 3923 et
453 3865 599 3940 exequias
620 3873 702 3924 totus
726 3865 891 3942 dispencer
911 3866 943 3923 in
966 3881 1088 3922 omnes:
