3000 4725
645 652 794 745 *rc—

260 821 330 894 Illa,
352 820 439 897 vagis
462 820 546 879 cuius
568 820 765 897 populatibus
787 821 871 878 invia
890 821 985 893 nulla,

260 909 363 981 Atque
387 905 487 963 omnis
506 905 606 963 fuerat
625 906 717 965 tellus
739 915 879 983 angusta,
900 906 1053 965 latronum

260 990 428 1062 Colluvies,
448 990 608 1064 furumque
627 1010 707 1051 novo
731 991 856 1049 ductore
876 992 1041 1067 maniplus,

259 1076 359 1136 Unius
381 1075 434 1133 vix
455 1093 489 1133 ae
510 1074 668 1134 defensum
689 1076 847 1135 maenibus
871 1076 953 1135 urbis

260 1160 413 1220 Continet.
438 1159 560 1217 Illorum
585 1180 664 1219 nuno
687 1161 801 1237 praeda
823 1168 870 1219 est
894 1161 996 1233 obvia,
1016 1180 1140 1235 quorum

257 1246 382 1303 Praedo
404 1243 470 1302 fnit.
494 1243 579 1317 Quod
598 1263 656 1303 non
679 1247 779 1318 toties,
803 1252 963 1303 nectente
983 1266 1157 1324 peragros,

259 1330 383 1406 Perque
406 1328 535 1387 humiles
552 1330 700 1389 bacchata
719 1350 808 1390 casas
832 1330 972 1389 incendia
990 1340 1134 1409 regnant:

261 1415 352 1491 Quod
377 1414 451 1473 civis
474 1414 609 1491 propriis
628 1415 745 1488 fruitur,
770 1415 849 1492 qnod
870 1434 948 1492 pace
970 1416 1112 1475 colonus:

262 1498 451 1560 Cestanidae
473 1508 570 1558 totum
591 1500 708 1559 meritis
732 1501 869 1572 debetur,
894 1509 924 1557 et
945 1500 1008 1572 uni,

260 1586 350 1661 Quae
373 1583 449 1642 nulli
470 1584 560 1657 cedit,
581 1585 629 1642 cui
649 1586 760 1643 cedunt
782 1585 895 1658 omnia,
918 1585 1053 1643 dextrae.

257 1670 398 1729 Pictonio
421 1669 607 1742 maioma,
631 1677 682 1727 tua
704 1672 815 1729 virtute
834 1678 953 1742 renato,

258 1756 300 1814 lut
323 1754 443 1831 priscus
465 1754 583 1829 patriae
604 1755 696 1813 rediit
714 1756 803 1831 vigor
827 1756 951 1813 artubus
975 1756 1086 1836 aegris.

260 1840 308 1899 Te
329 1839 415 1911 duce,
436 1840 606 1897 mercedem
628 1840 710 1897 lixae
733 1860 796 1898 non
817 1840 923 1916 pendit
942 1848 1049 1897 aratur.

259 1924 336 1984 Non
357 1940 463 2000 pacem
488 1923 577 1982 donis
600 1924 729 1997 redimit,
753 1945 814 1983 non
838 1942 908 1981 acre
929 1925 1070 1998 quietem.

260 2010 404 2083 Namque
421 2007 465 2065 tui
488 2026 633 2069 reverens
657 2009 799 2085 exempla
818 2009 984 2067 domestica
1003 2010 1041 2067 de
1062 2018 1093 2067 te

260 2094 353 2154 Miles
372 2093 474 2164 habet,
498 2094 691 2169 sequiturque
716 2103 794 2166 tuos,
822 2102 855 2152 ut
880 2095 1021 2167 classica,
1044 2113 1157 2153 mores.

305 2179 334 2239 Ο
356 2178 443 2249 felix,
468 2178 565 2236 sicui
592 2180 717 2238 stabiles
739 2179 876 2237 florentis
900 2180 1024 2239 honoris

261 2263 405 2323 Aesernit
427 2262 532 2321 titulos
554 2264 721 2323 indelibata
742 2264 891 2340 voluptas.

263 2348 326 2411 Sed
346 2367 446 2424 neque
468 2348 612 2409 inoffensi
628 2350 715 2409 datur
735 2350 804 2408 aevi
826 2369 946 2408 currere
967 2357 1076 2423 metas,

263 2434 430 2494 Continuat
454 2434 573 2492 sincera
589 2443 678 2494 tenor
700 2454 798 2509 neque
821 2435 931 2512 gaudia
953 2436 1049 2494 nobis.

261 2519 405 2595 Namque
428 2518 487 2595 duo
511 2520 635 2578 meritas
657 2529 842 2578 temerarunt
863 2521 966 2578 omina
986 2521 1103 2591 laurus,

263 2604 350 2678 Quae
371 2614 546 2662 transversa
567 2605 627 2664 tuis
649 2605 839 2663 intervenere
856 2606 1029 2681 trophaeis:

169 2717 171 2724 ,
261 2690 359 2750 Filius
384 2689 444 2746 heu
465 2689 562 2764 pubes
583 2690 709 2767 indigna
730 2698 828 2748 morte
848 2699 1024 2766 peremptus

262 2780 363 2851 Atque
386 2782 469 2831 tuum
493 2791 603 2832 carcer.
627 2775 681 2833 sed
703 2793 805 2833 carcer
828 2775 977 2850 sanguine
998 2776 1092 2833 multo

261 2859 431 2918 Pensatum
451 2859 554 2934 exegit
574 2860 656 2918 iuste
678 2859 870 2918 Rhamnusia
888 2877 1004 2935 poena:

262 2943 304 3005 Ut
323 2945 443 3002 damnis
463 2951 515 3001 tua
532 2945 600 3002 laus
624 2962 766 3003 crescens
787 2944 956 3020 preciosior
980 2953 1071 3002 esset.

264 3020 422 3090 sordescit
440 3028 508 3087 laus
528 3029 567 3088 de
590 3047 696 3088 securo
715 3038 813 3106 parte.
842 3028 1025 3103 Triumphus

263 3114 341 3172 Vilis
365 3114 433 3184 erit,
455 3113 502 3171 cui
522 3134 583 3172 non
604 3115 766 3191 proludunt
785 3114 912 3190 praevia
931 3114 1050 3172 damna.

262 3198 355 3258 Dicat
378 3197 528 3274 congestis
550 3207 697 3276 angustus
721 3199 833 3275 stragis
856 3198 984 3270 acervis,

263 3285 363 3360 Quam
383 3283 471 3360 pigra
492 3281 626 3360 Ligerim
648 3284 802 3360 propellat
824 3283 905 3341 mole
923 3284 1072 3360 Vigenna.

262 3370 367 3428 Mersa
386 3376 456 3450 quot
478 3386 564 3426 arma
587 3370 695 3442 virum,
718 3378 790 3444 quot
804 3368 903 3427 ¹fortia
924 3385 1055 3445 corpora
1076 3369 1177 3428 volvit.

262 3453 327 3512 Iam
349 3462 398 3512 sat
416 3452 551 3512 finitimis
577 3455 701 3530 impune
722 3455 861 3512 illuserat
882 3453 956 3526 oris,

263 3538 416 3598 Turonios
440 3538 550 3613 praedo
569 3539 709 3612 quatiens
731 3539 916 3615 equitatibus
939 3558 1042 3616 agros.

263 3623 433 3682 Vindictam
459 3624 606 3700 exanguis
628 3624 746 3701 patriae
770 3625 920 3700 poscebat
936 3624 1053 3700 imag03

263 3708 435 3766 Vindictam
456 3707 559 3766 lacera
578 3711 728 3784 poscebat
747 3708 845 3767 Filius
867 3710 984 3782 umbra,
1063 3723 1067 3730 ‘

264 3792 413 3853 Devotum
436 3795 537 3866 suune,
561 3794 659 3853 civilis
680 3793 802 3853 victima
822 3793 904 3851 belli.

264 3877 293 3936 It
313 3879 428 3956 campis
451 3896 569 3957 agmen.
592 3879 661 3938 telis
683 3879 835 3936 exercitus
859 3878 970 3936 ardens
