3000 4725
735 622 887 719 Q

352 790 448 871 ζ(θί)
625 782 669 850 Τὸ
690 786 776 873 ξίφος
801 788 835 852 ἐκ
854 791 988 851 κολεοῖο.

350 876 445 937 Ensis
468 876 580 954 vagina
599 893 653 934 our
676 877 860 955 stringitur?
883 876 963 935 haud
985 884 1018 935 ut
1040 878 1162 954 iniquus

395 960 460 1022 sim
482 961 608 1020 Venerit
631 960 737 1020 adiuro
758 971 847 1039 teque
867 968 1010 1037 tuumque
1034 971 1134 1039 ceput.

351 1046 414 1107 Sed
430 1047 559 1105 Martem
581 1052 625 1119 ut,
649 1048 787 1121 quamvis
811 1047 935 1105 immani
956 1054 1092 1123 pectore,
1114 1048 1195 1107 noris

395 1128 458 1191 Sub
480 1131 610 1190 Veneris
632 1131 720 1191 molli
741 1150 857 1209 ponere
880 1132 960 1191 eolla
979 1133 1063 1209 iugo.

349 1217 416 1275 Iste
437 1216 498 1274 mei
516 1215 661 1274 desiderii
683 1224 731 1275 eet
754 1235 866 1276 eomes.
888 1216 981 1275 Haud
1006 1234 1084 1292 opus
1105 1216 1168 1275 ullo

392 1302 451 1360 Est
470 1300 606 1377 speculo.
630 1300 721 1359 Hune
742 1320 870 1361 versans
891 1301 1015 1361 consulo
1038 1320 1160 1378 semper
1181 1318 1236 1377 ego.

349 1385 482 1444 Pulcher
498 1386 532 1444 in
553 1385 611 1444 hoo
630 1386 736 1445 videor
753 1387 836 1444 mihi.
859 1384 921 1447 Sed
944 1387 970 1445 si
991 1386 1116 1461 linquis,
1137 1387 1235 1457 amica,

392 1470 458 1531 Noe
479 1471 576 1547 prius,
600 1470 649 1529 hio
673 1472 757 1531 ensis
780 1472 885 1529 induet
903 1471 944 1529 ile
963 1487 1074 1530 meum.

351 1639 448 1716 ζ(62)
614 1632 668 1719 Τῷ
688 1642 799 1720 χρυσῷ
819 1636 870 1698 τὸν
890 1631 1022 1719 Ἔρωτα.

349 1728 434 1784 Auro
458 1724 639 1784 sollicitatur
660 1727 758 1784 Amor
778 1723 861 1782 mihi.
884 1722 965 1783 Nem
991 1743 1090 1799 neque
1112 1732 1208 1783 aratro

391 1809 539 1883 Possunt,
557 1828 614 1867 nee
641 1809 716 1868 duro
737 1809 831 1867 mella
853 1810 960 1887 ligone
980 1810 1050 1881 ooli,
1075 1828 1077 1833 ’

350 1893 412 1955 Sed
430 1896 614 1972 tempestive
634 1894 722 1952 verni
741 1895 875 1953 viroris.
898 1896 939 1953 At
957 1912 1062 1952 aurum

392 1979 576 2039 Omnimode
595 1980 725 2037 Veneris
745 1979 847 2037 dulcia
868 1979 962 2037 melle
982 1978 1061 2037 colit.
1083 1978 1085 1983 '
1199 2042 1207 2064 ο

350 2148 367 2215 ζ
377 2148 447 2224 (63)
619 2141 784 2228 Κιχλίζεις,
803 2144 1005 2229 χρεμέτισμα.

349 2232 480 2291 Hinnitu
497 2232 625 2291 Veneris
647 2233 815 2308 proludens
836 2232 918 2291 belle
940 2232 1084 2292 fritinnit.

391 2316 518 2375 Furtiro
540 2316 677 2377 adnietus
697 2318 831 2376 numine.
856 2325 964 2376 ennete
986 2336 1102 2378 moves.

348 2402 485 2474 Frustra,
508 2402 588 2475 iuro,
612 2402 708 2462 oculis
727 2413 758 2462 te
780 2423 842 2462 non
866 2402 999 2475 visurus,
1022 2403 1120 2463 amori

389 2486 584 2544 Indomitum.
609 2486 744 2564 lapidem
765 2497 811 2546 ter
832 2506 949 2564 quoque
971 2488 1038 2547 iuro
1061 2489 1175 2547 Iovem.

348 2571 436 2631 Lude
456 2570 520 2629 tibi.
541 2579 572 2629 te
594 2572 724 2631 suavioli
743 2581 946 2649 poppysmate
965 2573 1055 2630 ductu

391 2656 469 2728 Illis,
492 2675 570 2731 quae
591 2655 666 2714 nulli
687 2658 770 2715 nuda
790 2657 903 2716 labella
928 2675 1022 2716 seres.

348 2826 446 2902 Meu)
614 2819 720 2884 Πᾶοαν
744 2823 805 2904 ἐγὼ
828 2823 881 2905 τὴν
904 2821 1007 2886 νύκτα.

348 2912 429 2971 Tota
449 2911 523 2968 mihi
542 2910 575 2967 in
598 2910 712 2987 gemitu
734 2931 798 2969 nox
813 2910 947 2969 vertitur.
967 2912 1025 2970 Ast
1044 2911 1096 2968 ubi
1117 2907 1196 2967 venit

390 2996 478 3056 Dans
501 2996 658 3053 minimum
677 2996 753 3052 mihi
776 2995 830 3053 lux
852 2996 950 3072 prima
970 2995 1071 3070 quiete
1096 2994 1166 3066 frui,

347 3081 469 3141 Circum
489 3099 603 3156 perque
625 3087 779 3155 strepente
797 3081 925 3138 citamur
940 3079 1111 3138 hirundine.
1134 3090 1244 3138 somnos

389 3167 594 3242 Abrumpens‚
614 3164 755 3223 lacrimae
779 3165 909 3243 integret
928 3165 982 3222 illa
1002 3165 1086 3222 mihi.

347 3249 428 3324 Quid
448 3251 523 3308 mihi
544 3251 701 3309 vobiscum
725 3251 792 3309 est?
817 3250 956 3309 absistite
978 3249 1100 3326 garrula
1122 3249 1212 3307 turbu.

388 3332 474 3406 Non,
495 3333 676 3407 Philomela,
699 3335 773 3393 mihi
793 3335 898 3412 lingua
920 3343 1038 3393 resecta
1059 3342 1113 3392 tue
1134 3341 1186 3392 est.

344 3419 432 3478 Flete
454 3418 557 3494 Itylon
581 3419 663 3478 duris
683 3419 717 3477 in
738 3421 904 3492 montibuS‚
927 3426 1016 3493 atque
1039 3419 1154 3490 sedete,
1231 3491 1233 3496 Α

190 3550 191 3553 ¹
272 3574 275 3579 ⁴
390 3502 575 3580 Scruposam
598 3512 701 3563 euntes
725 3523 786 3582 qua
801 3505 884 3563 dabit
902 3505 965 3562 alto
988 3504 1121 3576 domum,

344 3588 489 3650 Dormire
506 3595 539 3645 ut
559 3587 659 3646 liceat.
684 3588 855 3668 Surrepens
878 3590 958 3648 forte
980 3588 1189 3647 Rhodanthen

388 3673 605 3750 Amplexandn
627 3673 701 3731 mihi
719 3676 854 3748 brachie,
879 3673 1000 3746 Somne,
1023 3673 1120 3732 dubis.
