3000 4725
741 652 892 750 23²„

361 815 500 904 Εάτυχία
521 817 702 904 πολύφιλος.
722 815 775 889 Ἐς
797 818 929 903 ούρανδν
952 816 1046 903 ύμμιν
1067 820 1209 904 ἀλεύμαι.

357 900 394 966 Ἐ
418 903 473 972 θὲς
493 904 544 966 καλ
564 905 682 988 πρώην.
706 901 782 988 Πρίν
803 926 855 967 κεν
878 903 971 972 λύκος
993 903 1038 966 οἶν
1062 905 1211 987 ὑμεναιοῖ.

361 925 442 1056 Ζέθς
464 987 584 1070 ἀγονος.
609 987 769 1051 Πεινῶσαν
791 988 934 1052 ἀλώπεκ’
959 987 1125 1074 ἐπέρχεται
1149 989 1245 1058 ύπνος.

361 1071 470 1156 Ζητεῖν
492 1071 590 1158 ίχνεσι
614 1076 715 1136 πᾶσιν.
733 1069 868 1156 Ὀρέαιγγ
885 1074 1015 1157 χλαῖναν
1041 1074 1190 1159 ὑφαίνειν.

360 1156 435 1240 Ζωὴ
458 1157 650 1241 ἀκανθώδης.
667 1153 762 1226 Ὄνυς
780 1159 824 1226 εἰς
846 1157 1011 1242 ἀχυρῶνας
1032 1156 1165 1242 ἀπέδρα.

360 1240 435 1324 Ζωὴ
457 1242 507 1304 καὶ
528 1239 622 1326 ψυχή.
645 1240 778 1326 Δέχεται
797 1243 848 1306 καὶ
870 1241 970 1326 βῶλον
994 1241 1120 1325 ἀλήτης.

359 1324 429 1389 Ζῶν
452 1326 512 1388 ἀπὸ
537 1326 716 1472 μαγβαλίης.
741 1323 784 1389 Τδ
807 1325 842 1389 δέ
863 1347 912 1388 τοι
932 1325 1023 1394 κλέος
1045 1325 1235 1408 ἐσσομένυιο.

360 1408 414 1473 Ζω
436 1408 583 1493 υπύτης.(
617 1414 694 1494 ρμῆς
716 1409 862 1493 ἀμύητος.
881 1404 977 1478 'Enoc
997 1410 1090 1492 φύσις
1110 1409 1201 1494 άλλη.

352 1491 396 1558 Ἢ
418 1433 497 1570 θνος,
519 1495 538 1578 ἢ
561 1494 714 1578 βασιλεύς.
733 1493 911 1562 ’ἀποτίσεις
929 1499 1020 1580 χοῖρε
1040 1494 1179 1577 γίγαρτα.

354 1575 396 1640 ‘H
417 1579 514 1662 πέτρα
536 1577 715 1661 ἀγέλαστος.
735 1575 817 1661 Ἐγὼ
841 1579 1026 1665 βαλανεύσω
1049 1579 1187 1664 ἐμαυτιβ.

351 1659 396 1725 Ἦ
416 1662 481 1739 τάν,
503 1663 523 1746 ἢ
544 1662 593 1725 ἐπὶ
614 1665 677 1731 τᾶς.
701 1658 740 1726 Οἱ
761 1662 890 1726 κλέπται
913 1661 1038 1745 ἄγουσιν
1064 1663 1186 1747 έορτήν.

349 1743 453 1810 Ἦλθε
471 1746 554 1809 κύων
579 1746 628 1808 ἐπὶ
651 1748 760 1828 δεσμοί.
781 1745 978 1830 Δικαιύτερος
1000 1749 1154 1831 σταχάνης
1176 1746 1213 1810 εἶ.

352 1827 469 1916 Ἤρατο
494 1832 577 1894 δττῶ
599 1831 734 1913 ἀλεύρω.
751 1831 860 1894 Ἀλευ’
886 1833 947 1894 ἀπὸ
972 1832 1112 1914 μείζονος
1134 1829 1249 1916 ἀνδρύς.

352 1911 529 1978 Ἡσιόδειον
551 1920 658 1998 γῆρας.
675 1911 778 1978 ‘Euam
801 1915 926 1979 ἀέκοντί
943 1938 979 1999 γε
999 1915 1101 1999 θυμῷ.

352 1996 553 2083 Ἧφαίστειος
574 1999 696 2083 δεσμός.
720 1995 806 2084 Ἔρις
827 1999 855 2062 δ’
878 1998 940 2084 ἔριν
963 1999 1167 2084 ἀντιφυτεύει.

355 2081 394 2146 ’H
417 2088 462 2152 εἷς
483 2089 592 2167 νεκροῦ
615 2083 646 2152 ἐς
668 2085 742 2148 ῶτα.
771 2083 876 2168 Θύρας
897 2084 1045 2148 έπιθέσθε
1069 2083 1207 2230 βέβηλοι.

359 2168 408 2232 Θα
429 2167 570 2251 λύφορυι.
595 2165 683 2231 Μετά
730 2173 812 2251 ωνῆς
831 2167 936 2254 εύχεο.
957 2167 1059 2252 Χαῖρε
1078 2191 1112 2251 φι
1135 2190 1169 2230 ον
1194 2169 1264 2251 φῶς.

359 2251 495 2335 θάψινυς
515 2251 688 2336 ἅνθρωπος.
742 2254 862 2338 αράδρα
883 2252 1087 2337 κατελήλυθα.
1108 2250 1230 2315 Σελλοί.

359 2335 532 2420 Θερσίτειον
553 2336 685 2421 βλέμμα.
704 2337 807 2401 Λύκου
831 2339 932 2407 δεκάς.
947 2335 1180 2421 Ἧμερύκοιτος.

359 2421 540 2485 Θετταλικαὶ
559 2422 713 2506 πτέρυγες.
738 2418 800 2486 Τὸν
821 2425 962 2507 καρκίνον
991 2420 1071 2507 ὀρθὰ
1093 2423 1237 2506 βαδίζειν.

359 2505 542 2570 Θετταλικὸν
561 2507 701 2590 πήδημα.
728 2504 768 2569 Τί
784 2508 915 2591 δάκρυον
937 2507 1028 2571 εύδον
1050 2506 1192 2589 ἑγείρειςς

358 2588 451 2672 Θύμα
474 2590 669 2673 Φασηλιτῶν.
691 2587 769 2655 Οὐδ’
791 2589 828 2654 ἀν
850 2593 970 2677 πείσης,
994 2591 1051 2673 ἐμὲ
1072 2591 1197 2659 πείσεις.

358 2672 607 2758 Θυμβροφαγεῖν.
631 2675 690 2738 Διά
712 2680 766 2758 τῆς
785 2677 928 2758 κηπαίας.
951 2674 1005 2745 Εἰς
1025 2673 1098 2756 γύνυ
1119 2677 1251 2761 βάλλειν.
1314 2713 1315 2750 γ

352 2757 452 2822 Ἴκκον
476 2760 608 2822 δεῖπνον.
633 2757 829 2843 Ἀμαλθείης
848 2762 940 2846 ἀγρὸς
960 2760 1053 2845 κέρας
1072 2758 1164 2823 ἐστίν.

347 2839 431 2906 Ἷσαι
454 2846 554 2927 ψῆφοι
577 2842 655 2907 έασι.
677 2818 874 2928 Προμηθεύς.
898 2844 1130 2928 Δημοπίθηκος.

357 2923 516 3009 Κάδμειος
536 2928 613 3011 νίκη.
637 2928 762 3008 Σαμίων
789 2927 879 3012 ἄνθη.
901 2927 1010 3013 Χαμαὶ
1033 2929 1162 2997 ἀντλεῖς.
1268 2942 1273 2960 ’

358 3006 420 3073 Καὶ
440 3010 512 3078 τοὺς
532 3012 717 3095 ἀνθρώπους
741 3015 865 3096 συνάγει
887 3016 977 3076 κακά.
996 3010 1235 3095 Κλειτοριάζειν.

356 3091 508 3157 Κάλλιστ’
532 3096 619 3159 ἐνδοῖ
637 3100 743 3159 πάσαι.
760 3096 945 3166 Ἀλώπεκος
966 3097 1063 3182 ἴχνεσι
1084 3098 1207 3182 βαίνεις.

356 3174 566 3263 Καλλιφάνης.
587 3180 765 3264 Λευκηπατί
786 3204 810 3249 ς.
828 3179 1077 3248 Ῥυπυκύνδυλος
1099 3182 1188 3266 ἀνήρ.

356 3258 683 3345 ΚάνθαροςΑίτναῖος.
709 3204 845 3348 ψεκάς,ῆ
860 3266 979 3351 δρώσας.
1001 3262 1260 3349 ΕίςΚυνοσαργές

355 3341 495 3427 Καρποῖς
516 3347 552 3409 ού
574 3349 737 3411 σταδίοισιν
759 3348 910 3432 ἐρίζομεν.
926 3349 1024 3417 Ἱστδς
1044 3349 1191 3435 ἀράχνης.

355 3425 414 3491 Κεί
434 3430 528 3493 λύκου
551 3431 715 3516 ἐμνήσθης.
735 3431 859 3517 Ἀφύης
879 3436 950 3517 τιμὴ
973 3437 1007 3497 τὸ
1021 3431 1136 3496 ἔλαιον.

355 3509 464 3575 Κέντει
482 3517 534 3579 τὸν
555 3518 660 3579 πῶλον
682 3518 754 3601 περὶ
775 3517 829 3600 τὴν
852 3520 975 3581 νύσσαν.
1001 3516 1080 3581 Γύνυ
1101 3520 1230 3603 κάμψαι.

355 3592 536 3681 Κερκώπων
556 3600 663 3684 ἀγορά.
687 3599 800 3687 Γυμνιβ
822 3604 965 3686 φυλακην
986 3602 1162 3671 ἐπιτάττεις.

355 3677 509 3765 Κεστρεδς
529 3684 694 3768 νηστεύων.
708 3678 775 3765 Ἵνα
792 3685 851 3771 γάρ
875 3686 955 3764 δέος,
979 3686 1056 3749 ἔνθα
1070 3687 1123 3749 καὶ
1142 3688 1244 3756 αἰδώς.

355 3762 468 3850 Κηρῶν
492 3766 618 3830 λεπτύτε
639 3790 681 3836 υς.
703 3766 835 3916 Ζωθχέν
856 3774 931 3833 πᾶσι
954 3774 1098 3855 λαγώυις.

355 3846 582 3934 Κλαυσίγελως.
625 3854 759 3916 αλάκων.
798 3855 897 3937 αμίιον
905 3856 1015 3940 λαύρα.
1028 3854 1179 3940 Μερλς,ού
1188 3856 1257 3929 must.
