3000 4725
610 612 761 733 Q

209 823 211 830 '
234 800 350 863 Venena
369 805 500 863 carinam
523 805 654 879 perfidae
676 822 808 882 sponsae
827 806 951 864 veham:

235 885 290 963 Qui
311 888 467 968 limpidum
489 890 647 949 accoluere
667 890 773 949 Dizeri
794 890 923 949 alveum.

234 972 360 1032 Melitam
379 974 509 1033 insulam
534 974 586 1033 alii
607 994 669 1034 non
691 976 729 1033 ab
755 975 908 1036 Orthrouo
930 973 1035 1049 procul

233 1055 306 1135 Vagi
328 1060 521 1131 obsidebunt,
544 1078 633 1134 quam
653 1060 756 1137 iugoai
777 1059 924 1136 plurimus

235 1138 348 1202 Circum
365 1144 501 1222 Pachyni
525 1142 653 1205 Sicanos
673 1144 781 1203 lambit
802 1144 913 1218 liquor,

233 1228 335 1286 Arcem
357 1237 513 1307 petrosam
534 1230 689 1288 ruminans
712 1228 922 1307 cognominem

233 1310 310 1371 Olim
328 1315 459 1373 futuram
479 1311 621 1390 Sisyphei
642 1314 708 1387 filii,

233 1393 340 1459 Curitis
362 1400 450 1458 etiam
471 1398 606 1476 Virginis
630 1398 796 1475 splendens
820 1417 907 1475 opus,

232 1480 296 1557 Qua
314 1484 412 1543 vomit
433 1483 568 1542 Helorus
588 1484 782 1561 frigerentem
804 1485 961 1562 gurgitem.

232 1568 285 1625 lvi
304 1576 456 1645 peremtor
474 1569 578 1644 hirpus
602 1569 789 1629 Orthrouum
812 1570 936 1642 incolet,

230 1649 322 1711 Patrii
344 1654 451 1730 procul
469 1654 582 1712 fluenta
604 1652 773 1731 (ioscynthi
794 1662 954 1731 expetens,

230 1735 266 1793 Et
285 1738 317 1796 in
341 1737 485 1815 procellis
507 1756 653 1815 scrupeae
676 1739 750 1798 moli
772 1738 909 1797 insidens
1004 1742 1010 1753 '

231 1819 369 1883 Classem
391 1824 551 1899 imperabit
572 1822 771 1901 navigendam
795 1825 921 1883 civibus.

229 1904 341 1967 Terrae
362 1920 508 1986 paternae
531 1927 658 1983 namque
681 1925 743 1967 non
766 1928 878 1967 anuum
900 1910 1049 1985 integrum

228 1989 450 2051 Perduelliouis
473 1994 676 2070 patriarcam
697 1994 757 2051 frui

228 2074 396 2152 Seqnestra
416 2078 513 2137 iustae
535 2078 629 2137 Furia
649 2079 798 2137 vindictae
822 2079 912 2151 sinat,

228 2160 366 2221 Ladonis
388 2162 439 2220 udi
460 2163 546 2224 larva
563 2164 640 2221 roris
663 2164 776 2222 accola.

226 2245 265 2305 Et
283 2248 358 2305 iude
377 2247 475 2306 vitans
500 2247 647 2322 praelium
670 2248 916 2326 anguiformium‚

226 2332 393 2416 Abantiam
414 2340 488 2409 pcst
506 2332 661 2410 navigabit
682 2333 839 2411 oppidum,

225 2417 427 2494 Ventausque
451 2419 574 2495 propius
595 2427 706 2476 terram
729 2416 965 2487 altitonensium,

177 2491 181 2504 ’
226 2504 274 2560 Ad
295 2502 384 2563 littus
406 2504 505 2579 ipsum
529 2503 645 2561 culmen
667 2504 793 2561 arduum
814 2501 928 2561 incolet
1057 2495 1061 2502 ’

225 2588 347 2648 Libane
369 2587 554 2664 Polyanthei
574 2586 740 2646 Ohaonitae
759 2589 894 2646 flumina.

225 2671 406 2732 Calchantis
428 2673 510 2747 atqui
532 2674 620 2732 busta
641 2682 768 2750 propter
791 2672 867 2730 Itala

223 2757 369 2816 Fratrum
392 2757 482 2816 duum
505 2757 660 2817 mendacis
683 2757 760 2814 alter
781 2755 916 2831 cespitis,

222 2842 393 2901 Tumulum
414 2841 542 2919 sepultis
564 2842 709 2900 excitabit
728 2842 866 2900 ossibus:

221 2927 418 3001 Bustumque
442 2927 535 2985 ovillo
559 2926 670 2986 vellere
689 2925 904 2984 incubantibus

221 3012 342 3072 Veram
362 3011 393 3068 in
417 3012 517 3086 quiete
537 3013 700 3072 dictionem
726 3011 878 3088 proferet:

222 3096 435 3170 Salutilerque
454 3095 585 3156 Dauniis
610 3096 777 3168 vocabitur,
812 3154 814 3157 .

222 3181 304 3243 Cum
329 3181 463 3241 fluminis
482 3199 557 3259 gens
579 3183 643 3241 lota
663 3181 798 3240 luturnia
820 3177 919 3252 aquis,

221 3267 365 3328 Gnatum
385 3266 570 3326 invocabunt
590 3267 736 3343 opitulum
757 3261 933 3339 Aesculapii

221 3351 326 3431 Gragi
344 3351 506 3427 benignum
530 3352 705 3426 civibusque
727 3347 882 3407 accedere.

218 3438 298 3498 Hoc
326 3453 436 3512 nempe
458 3437 572 3494 cunctis
594 3436 693 3493 lumen
717 3433 838 3493 Aetolis
859 3431 924 3488 erit.

219 3523 271 3582 Ibi
295 3527 455 3580 cruentum
478 3528 509 3578 et
529 3521 659 3581 omnium
683 3517 907 3587 saevissimum,

219 3606 364 3685 Quando
389 3603 521 3682 Sclauga
541 3624 621 3678 rurav
634 3612 663 3661 et
684 3607 846 3680 Augaesoa
870 3599 955 3660 sinus

219 3692 306 3753 Cum
330 3691 478 3761 venerint,
496 3690 581 3748 ducis
603 3696 768 3766 reposcent
788 3687 894 3762 iugera

216 3776 311 3838 Boni
335 3774 454 3834 novalis
481 3792 599 3846 sumen,
618 3791 721 3832 arvum
743 3770 935 3829 haeredium:

218 3862 318 3936 Quos
342 3860 380 3917 ad
403 3860 573 3936 sepulcrum
597 3859 765 3918 solitarium
784 3856 914 3914 obruent
