3000 4725
787 626 828 685 66

350 794 418 853 Nec
439 794 594 871 pressisse
617 794 672 852 tibi
694 806 743 854 sat
767 797 809 854 sit
829 794 959 872 vestigia
979 812 1116 853 avorum.

393 880 455 939 Fac
478 895 598 955 qunque
624 879 666 937 sis
688 888 792 939 tantae
815 900 888 958 pars
907 879 1056 938 imitanda
1078 879 1197 939 domus.

351 962 418 1023 Nec
437 972 553 1022 tantum
577 963 632 1022 tibi
655 966 793 1024 militiam
815 965 999 1025 transcribat
1019 965 1140 1024 honesti

394 1048 529 1109 Muneris
551 1049 676 1107 emerito
697 1050 817 1110 functus
840 1053 954 1110 honore
975 1049 1083 1108 Pater:

351 1136 465 1195 Verum
485 1133 577 1191 etiam
599 1134 731 1211 propriis
751 1137 835 1195 illam
862 1134 1020 1198 virtutibus
1042 1153 1126 1191 orna.

395 1218 471 1278 Cum
488 1218 604 1295 patrias
626 1219 672 1277 illi
693 1222 840 1293 inusseris,
863 1220 941 1278 adde
962 1228 1042 1277 tuas.

352 1303 415 1365 Sed
436 1304 548 1362 frustra
566 1322 675 1380 precor
697 1307 782 1363 haec.
809 1314 917 1363 tenues
939 1304 1097 1379 rapiuntur
1118 1302 1151 1359 in
1174 1315 1256 1359 auras

391 1390 535 1448 Fatorum
556 1407 646 1446 caeco
671 1390 790 1448 turbine
812 1398 885 1450 vota
906 1408 983 1447 mea.

352 1474 445 1548 Quod
468 1474 564 1532 solum
586 1474 680 1549 potui,
704 1476 831 1533 summis
850 1474 986 1544 temris,
1010 1479 1039 1529 et
1060 1470 1149 1546 aequi

394 1559 518 1617 Artibus
541 1558 636 1617 eduxi,
652 1559 751 1618 laudis
777 1560 816 1619 ad
837 1578 925 1618 omne
947 1574 1053 1636 genus.

352 1644 439 1703 Haec
459 1644 613 1719 patefacta
633 1643 684 1701 via
707 1652 764 1717 est,
787 1645 922 1704 sinerent
944 1663 962 1701 ο
982 1649 1103 1701 caetera
1124 1639 1204 1697 Divi.

340 1774 350 1795 .
394 1728 551 1787 Hactenus
573 1730 717 1805 auspiciis
736 1731 900 1805 hocpotes
923 1745 992 1787 esse
1013 1728 1101 1785 meis.

352 1813 496 1883 Dixerat,
520 1821 549 1871 et
570 1812 714 1873 lacrimae
733 1816 828 1873 verba
847 1813 1027 1890 imperfecta
1046 1818 1169 1871 secutae

397 1897 537 1977 Singultu
557 1900 674 1957 medios
698 1901 836 1976 eripuere
859 1916 965 1959 sonos.

352 1984 467 2043 Fatalis
485 1984 613 2055 iuvenis,
632 1985 803 2044 iustissima
823 2004 895 2042 cura
914 1989 1084 2061 parentum,

395 2068 480 2140 Quae
504 2073 552 2126 sat
574 2068 630 2125 erit
650 2068 735 2127 morti
757 2078 875 2128 moesta
897 2066 1020 2145 querela
1040 2067 1133 2125 tuae?

353 2152 496 2228 Aspicis?
520 2158 616 2209 atrato
639 2153 739 2211 sordet
758 2173 838 2213 nunc
857 2155 940 2214 curia
960 2152 1056 2209 cultu:

395 2236 608 2311 Iustitiumque
630 2238 717 2295 hodie
742 2239 880 2313 publicus
902 2238 986 2296 urbis
1010 2255 1096 2295 amor

353 2321 478 2380 Indixit.
521 2328 586 2379 tota
609 2328 655 2380 est
679 2324 750 2382 urbs
771 2324 879 2384 funere
901 2325 992 2382 funus
1015 2322 1048 2380 in
1069 2338 1143 2392 uno,

395 2408 435 2464 Et
456 2413 543 2483 putat
566 2407 666 2464 efferri
684 2427 717 2466 se
740 2428 861 2485 quoque
880 2417 977 2468 morte
1000 2416 1060 2466 tua.

353 2490 423 2549 Heu
445 2498 588 2566 quantum
609 2499 656 2550 est
680 2512 756 2552 aevo
776 2494 888 2552 crimen
910 2495 1027 2552 factura
1046 2492 1148 2550 iuturc

395 2575 465 2636 Una
486 2576 588 2652 nigras
610 2578 751 2636 tenebras
776 2579 855 2637 inter
879 2579 1020 2638 habenda
1041 2577 1117 2647 dies,

353 2660 439 2735 Quae
464 2669 562 2719 mutas
585 2661 681 2738 leges,
706 2665 863 2740 sanctique
884 2664 1006 2723 silentia
1027 2662 1101 2721 iuris

397 2744 552 2818 Comeret,
574 2755 664 2822 atque
687 2747 753 2806 orbi
775 2750 887 2826 frigida
907 2767 1001 2826 regna
1024 2747 1105 2806 fori?

352 2828 434 2903 Quot
455 2831 542 2890 dotes
566 2832 660 2888 enimi
679 2852 769 2908 quam
792 2853 887 2910 parvo
911 2835 1020 2893 clausit
1039 2833 1071 2889 in
1092 2829 1186 2889 orbe?

393 2915 481 2976 Unus
504 2923 536 2974 ut
556 2916 716 2990 occideret,
738 2928 812 2994 quot
833 2919 951 2995 periere
970 2916 1073 2978 bona?

352 2999 405 3073 Di,
424 3001 531 3075 quibus
557 3009 605 3060 est
627 3002 726 3059 clarae
752 3013 894 3079 suspecta
913 3003 1050 3080 potentia
1070 2999 1181 3078 gentis,

395 3085 471 3160 Quis
494 3095 627 3144 vestrum
647 3095 749 3145 tantae
773 3107 829 3164 par
850 3090 907 3146 erit
928 3086 1083 3147 invidiae?

352 3168 367 3226 I
389 3189 479 3242 nunc,
503 3171 628 3247 deplora
650 3180 810 3248 congestos
840 3174 951 3250 stragis
973 3189 1111 3243 acervos,

394 3253 587 3330 Plurimaque
607 3255 711 3314 hostili
732 3256 829 3314 millia
850 3276 941 3316 caesa
960 3277 1060 3316 manu.

353 3338 466 3398 Omnia
488 3360 551 3397 non
571 3348 686 3399 certent
706 3341 775 3398 huic
795 3343 848 3400 uni
872 3343 981 3400 funera
1003 3343 1124 3400 damno.

394 3423 530 3483 Iacturas
555 3445 661 3484 omnes
686 3427 787 3484 obruit
806 3446 867 3484 nna
883 3428 959 3486 dies.

352 3507 423 3566 Heu
444 3509 561 3567 iuvenis
582 3511 768 3569 miserande:
790 3519 842 3569 tuo
862 3531 941 3569 nunc
963 3513 1088 3571 subruta
1110 3527 1183 3569 casu

393 3593 451 3652 Est
472 3593 591 3667 domus,
616 3603 645 3652 et
666 3596 765 3672 gentis
789 3615 861 3673 spes
884 3598 1035 3655 labefacta
1056 3603 1144 3653 tuae:

351 3676 450 3751 Quam
469 3678 538 3755 pius
557 3679 625 3754 ipse
644 3679 762 3740 Parens
785 3701 824 3740 ex
841 3689 872 3739 te
895 3681 1098 3758 suspenderat
1119 3696 1248 3751 omnem,

392 3763 526 3822 Foverat
544 3771 574 3820 et
593 3765 683 3821 tacito
705 3767 828 3824 credula
845 3774 918 3826 vota
940 3767 1018 3839 sinu,

352 3847 395 3908 Ut
414 3867 523 3926 posses
544 3849 645 3908 oneris
669 3868 798 3928 magnae
819 3852 981 3910 succedere
1002 3851 1095 3928 parti,
