3000 4725
702 643 855 737 Q

261 875 263 881 ,
332 810 404 870 Tibi
425 810 505 883 dico,
529 818 636 888 captes
660 812 766 869 metris
785 810 915 869 ancillae
937 830 1044 890 genus.

331 895 469 973 lngeuuc
484 894 565 970 quod
587 895 614 954 si
635 896 812 955 sustulisset
834 904 865 955 te
883 915 1006 972 parens,

256 978 324 1033 1230
333 980 486 1056 Quantum
508 988 652 1055 tumeres,
674 989 764 1057 teque
787 980 902 1039 celsum
925 983 1092 1056 attolleres,

333 1063 410 1124 (lum
427 1064 528 1143 litiges
553 1065 638 1123 nulla
660 1066 692 1124 in
713 1086 757 1139 re,
780 1066 873 1125 homo
896 1065 973 1124 nulli
994 1068 1060 1126 rei?

332 1149 464 1210 Venisse
483 1168 539 1207 nec
561 1168 619 1209 nos
642 1150 883 1222 classirectcres,
907 1170 1005 1227 neque

330 1235 434 1294 Duces
456 1235 617 1310 Achivum,
638 1235 831 1293 iureiurando
852 1243 1002 1296 autumas.

332 1318 394 1380 Sed
416 1320 491 1378 iuris
508 1320 601 1393 Aiax,
625 1327 658 1379 ut
676 1322 803 1398 probes,
826 1320 910 1378 venit
929 1322 990 1379 sui:

255 1406 381 1463 1115111
405 1405 467 1463 iste
482 1405 530 1463 ius
550 1413 598 1465 est
620 1406 700 1463 dicte
723 1424 826 1464 servos
845 1404 1010 1481 proloqui?

329 1487 404 1562 Quis
425 1490 488 1562 ille,
510 1490 557 1547 cni
579 1497 623 1563 tu,
645 1498 730 1549 tento
751 1490 936 1563 vociferans,
957 1491 1085 1549 studes?

331 1574 401 1649 Quo
427 1574 552 1632 contulit
572 1575 693 1651 pedem,
716 1575 767 1633 ubi
789 1575 883 1647 stetit,
903 1575 956 1633 ubi
977 1583 1008 1633 et
1029 1595 1092 1633 non
1113 1576 1185 1655 egoi

329 1661 379 1719 An
400 1666 522 1735 praeter
542 1659 638 1734 illum,
660 1660 776 1719 nullum
800 1660 916 1717 hebent
936 1659 1047 1719 Graeci
1069 1661 1181 1721 virum?

329 1743 422 1821 Engo,
446 1752 478 1802 ut
498 1744 644 1817 videmur,
666 1745 771 1819 inique
791 1745 1051 1822 promulgavimus
1111 1744 1114 1752 ’

255 1830 494 1888 molinorum
516 1829 644 1889 Achillis
665 1830 787 1907 publice
810 1830 986 1903 certamine,

333 1911 367 1973 si
386 1913 504 1972 Teucer
528 1921 558 1972 et
579 1933 637 1973 nos
660 1934 713 1973 ore
734 1914 888 1973 convincit
907 1913 1023 1973 melos:

330 1996 398 2056 Nec
421 2007 469 2058 set
489 2000 657 2075 probentur
675 1999 730 2057 illa
753 2019 793 2056 ne
817 1998 904 2057 vietis
923 2000 1055 2073 quidem,

331 2082 400 2141 Hac
420 2091 512 2156 sture,
535 2102 596 2159 qus
616 2091 660 2141 tot
679 2102 824 2142 censuere
848 2083 977 2143 iudices:

330 2167 443 2225 Verum
463 2169 584 2246 probris
606 2188 662 2226 nos
681 2169 814 2243 undique
834 2168 1010 2227 incilubitis.

254 2255 322 2309 1515
330 2252 447 2312 Furtim
469 2259 521 2311 ant
541 2253 663 2329 petetis,
686 2254 814 2330 impotes
838 2254 994 2312 victoriae.

331 2336 405 2396 lstis
426 2338 464 2396 55
488 2337 597 2397 animis
621 2338 814 2414 moribusque
835 2337 948 2398 eimedi

330 2421 495 2498 Nunquam
519 2430 673 2482 asseretur
693 2424 813 2502 legibus
833 2442 907 2483 snus
925 2432 1033 2497 status,

333 2506 367 2568 Si
387 2507 543 2584 exigemus
567 2509 632 2566 iure
652 2509 809 2567 vincentes
830 2509 911 2580 loco,

330 2593 370 2651 Et
391 2591 616 2669 postpute'ndos
642 2602 713 2651 ente
734 2594 960 2652 collocabimus.

254 2677 321 2732 1250
332 2675 395 2737 Sed
412 2679 648 2756 comprimenda.
673 2679 748 2738 haec
769 2698 833 2737 non
853 2677 996 2736 lacertosi
1018 2677 1085 2750 viri,

329 2761 487 2838 Vestoque
508 2764 616 2821 virium
634 2764 760 2840 impetu,
781 2763 804 2822 ii
826 2762 992 2822 tutissnmi:

330 2845 393 2907 Sed
416 2849 526 2923 ubique
546 2849 680 2922 vincunt,
705 2856 806 2906 mente
828 2849 880 2922 qui
901 2865 977 2907 sene
999 2847 1110 2905 cluent.

328 2931 441 3010 Flugrc
462 2933 663 2992 admonentur
680 2933 798 3009 pullulo
817 2932 946 3010 glebarii

329 3015 432 3075 validi
452 3018 568 3077 triones
589 3026 705 3076 rectum
724 3018 815 3076 itiner
835 3017 989 3089 insistere,

178 3165 179 3170 .
253 3100 389 3165 12550111
409 3103 529 3180 generis
552 3104 584 3161 in
607 3111 637 3160 te
659 3103 825 3160 remedium
846 3102 936 3161 rideo
960 3101 1018 3159 cito

178 3179 179 3192 ¹
329 3186 492 3262 Expetere,
514 3189 546 3246 ni
569 3197 600 3247 te
620 3207 729 3264 sapere
751 3185 891 3265 postules
913 3188 1001 3245 bene.

329 3267 389 3342 Qui
411 3281 500 3332 uatus
522 3272 589 3347 illo,
611 3273 663 3349 qui
682 3274 791 3331 umbra
809 3272 922 3345 inanis,
944 3291 1008 3330 non
1026 3266 1074 3324 vir
1093 3274 1155 3337 est,

330 3353 435 3414 Gestis
455 3357 587 3434 petulce,
609 3358 741 3432 loqueris
764 3365 794 3416 et
814 3357 1005 3432 proterviter.

178 3473 179 3520 q
329 3436 403 3497 Non
423 3460 531 3518 sapere
554 3443 678 3502 disces?
697 3462 761 3501 non
783 3451 903 3500 tuorum
925 3441 1066 3501 conscius

178 3543 179 3594 j
253 3522 498 3600 115οΝ5151111111,
518 3527 673 3587 hominem
695 3527 825 3586 liberum
844 3527 977 3586 adduces
999 3527 1084 3596 mihi,

178 3599 179 3622 ¹
331 3609 509 3669 Orationem
533 3613 584 3686 qui
609 3613 693 3671 dabit
709 3619 796 3670 tuom
817 3610 936 3670 vicem?

328 3693 410 3753 Nam
433 3703 463 3754 te
483 3696 627 3772 loquente
648 3697 729 3754 dicte
752 3717 801 3757 me
821 3698 973 3755 incertent
993 3705 1055 3768 tna,

328 3778 371 3838 Ut
391 3781 442 3856 qni
462 3781 617 3858 loquelam
638 3783 799 3840 berberem
821 3781 902 3840 houd
921 3780 1109 3857 intellegam.

321 3862 384 3923 oh.
429 3865 556 3942 Utrique
576 3873 709 3928 vestrum
730 3867 784 3925 Dii
807 3868 919 3926 bonnm
945 3872 1077 3924 mentem
1098 3866 1195 3927 duint.
