3000 4725
646 614 797 709 L
885 637 889 644 ,

255 782 385 855 Affecit‚
407 782 570 861 pigrosque
591 783 711 843 induxit
733 792 857 861 pectore
881 802 1002 858 seusus,

255 868 419 944 Inspirata
441 867 517 927 meis
538 868 648 927 afflans
671 869 784 928 oblivia
805 870 895 927 euris.

256 951 309 1013 Sic
333 960 389 1010 tua
410 970 504 1025 mors,
528 952 675 1025 Lodoice‚
698 954 801 1028 tuique
822 954 933 1012 iniuria
952 953 1008 1012 fati

255 1038 423 1097 Musarum
443 1037 546 1097 dulces
569 1038 682 1111 foetus,
708 1046 738 1095 et
759 1038 894 1097 carmina
914 1047 1018 1097 nostro

256 1122 387 1182 Obtsrit
408 1141 448 1180 ex
466 1123 575 1183 animo.
598 1122 768 1199 Postquam
790 1132 843 1181 tua
860 1124 968 1182 lunera
985 1130 1117 1181 moestus

253 1208 397 1265 Auribus
418 1206 464 1265 his
488 1207 586 1280 hausi,
608 1208 650 1265 nil
670 1228 729 1266 non
757 1208 901 1267 mutabile
924 1208 1019 1279 sensi,

254 1294 362 1367 Atque
383 1292 462 1350 idem
484 1292 558 1350 mihi
579 1312 639 1364 me,
661 1293 711 1367 qui
733 1301 764 1351 te
780 1294 866 1364 mihi,
890 1311 979 1351 casus
1000 1291 1120 1351 ademit

203 1416 207 1419 -
254 1376 331 1436 Hoc
355 1376 457 1435 solum
480 1386 631 1452 superest,
653 1377 691 1435 de
713 1387 742 1435 te
766 1380 818 1437 vix
840 1379 941 1437 dicere
961 1394 1067 1453 posse,

254 1462 297 1521 Et
318 1468 439 1519 tautum
462 1461 638 1521 meminisse
659 1464 714 1535 tui,
737 1472 791 1521 tua
811 1465 877 1522 fata
897 1469 1055 1520 canentem

254 1546 362 1618 Flere,
385 1547 484 1605 minus
505 1554 597 1618 muto,
620 1548 675 1605 sed
695 1568 758 1605 sou
782 1548 908 1607 meliore
929 1546 1066 1605 canenda
1147 1597 1150 1603 .

254 1631 403 1690 Pectoris
424 1632 543 1689 affectu.
567 1629 677 1706 Siquis
689 1640 791 1690 tamen
808 1634 883 1691 baec
895 1632 1053 1707 quoque[,]
1069 1629 1176 1704 siquis

255 1714 390 1793 Rumpit
411 1716 498 1774 frena
520 1716 625 1775 dolor:
645 1736 704 1775 non
724 1727 765 1790 ts,
786 1719 845 1776 flos
867 1718 945 1775 lecte
963 1716 1095 1775 virorum

254 1802 423 1873 Indictum‚
447 1808 498 1859 eut
518 1808 570 1857 tua
591 1801 673 1859 facte
693 1802 801 1861 sinam.
822 1802 895 1860 Tibi
913 1809 1039 1878 pectore
1051 1800 1177 1878 plango,

254 1887 297 1945 Et
321 1894 376 1943 tua
396 1886 455 1943 iem
475 1886 595 1947 resides
621 1887 737 1945 animos
762 1888 792 1945 in
815 1888 924 1945 funera
944 1886 1041 1945 solvo.

255 1972 342 2031 Ecce
367 1970 418 2027 diu
438 1970 552 2031 sterilis
574 1971 654 2030 mele
677 1974 803 2031 conscia
824 1973 929 2049 lingua
949 1971 1052 2031 silenti

259 2055 425 2129 Obsequio
449 2056 529 2115 tristi
548 2056 640 2128 vires,
664 2074 829 2132 vocemque
850 2057 1003 2115 ministrat

255 2142 295 2199 In
317 2140 418 2198 luctus
441 2140 573 2199 fecunda
596 2159 681 2213 succ,
706 2161 763 2199 nec
782 2162 816 2201 se
837 2142 920 2218 capit
937 2142 1032 2213 intus,

258 2226 429 2302 Quemvis
454 2226 529 2283 dura
551 2225 623 2283 mali
644 2228 745 2302 potuit
769 2228 912 2285 cohibere
935 2227 1080 2285 dolorem.
1111 2268 1114 2273 -

303 2311 353 2370 Ah
374 2310 482 2385 quibus
501 2312 638 2369 incusem
656 2312 791 2388 probris,
814 2330 875 2388 qua
896 2330 972 2371 voce
995 2312 1157 2391 lacessam,

258 2395 348 2470 Quae
370 2404 399 2453 te
422 2416 484 2455 uon
507 2397 602 2454 verita
624 2407 672 2456 est
692 2405 778 2456 tanto
802 2398 943 2456 fraudare
963 2397 1103 2456 ministro

258 2480 422 2541 Gallorum
444 2482 567 2540 fortuna
589 2482 682 2554 vices,
703 2501 778 2556 quas
800 2501 893 2558 saepe
913 2492 1037 2540 ruentes

256 2566 372 2637 sursit,
396 2566 478 2624 etin
499 2574 560 2624 tuto
576 2585 695 2626 rursum
718 2575 771 2624 tua
796 2568 901 2625 dextra
922 2567 1041 2638 locavit,

257 2651 342 2709 Dum
364 2651 456 2709 toties
478 2651 585 2724 vineis,
607 2652 784 2726 patriaeque
806 2653 982 2729 impendere
1005 2651 1097 2710 vitam

257 2735 334 2794 Non
358 2735 490 2807 dubitas,
513 2755 590 2810 quae
610 2744 640 2794 te
663 2757 761 2813 nuper
783 2738 859 2794 duce
882 2737 977 2794 civice
997 2735 1088 2811 fregit

259 2823 366 2893 Arma,
391 2839 467 2897 vago
487 2822 564 2879 fines
587 2840 647 2895 qua
669 2821 813 2888 Pictones
833 2840 922 2881 amne
944 2821 1093 2896 Vigenna,

259 2904 390 2981 Quaque
412 2905 487 2964 alios
508 2906 585 2964 fines
608 2906 760 2966 Lemovix
786 2905 962 2982 Gardampa
981 2904 1136 2980 pererrat?

259 2990 348 3049 Heus
369 2991 422 3048 ubi
443 3007 523 3048 nunc
542 2991 649 3064 virtus,
670 2991 842 3066 invictaque
864 2990 991 3048 dextera
1005 2989 1105 3047 belloi

260 3075 348 3134 Heus
370 3074 423 3132 ubi
440 3075 594 3150 perfectae
616 3077 722 3134 sitiens
745 3095 833 3134 mens
857 3075 978 3133 laudis?
997 3074 1049 3131 ubi
1068 3074 1177 3152 ingens

260 3159 371 3220 Gloria
381 3157 599 3218 Castauidum?
611 3181 721 3237 nempe
736 3162 822 3233 haec,
836 3161 911 3237 proh
926 3171 1033 3219 sancta
1044 3159 1178 3218 Deorum

259 3244 406 3316 Numine,
429 3263 539 3321 nempe
558 3246 637 3322 nigri
659 3247 735 3304 baec
757 3247 803 3304 vis
826 3245 952 3304 abstulit
972 3246 1073 3303 omnia
1092 3245 1156 3303 leti.

262 3330 289 3389 Ο
316 3338 389 3406 quot
408 3329 563 3389 lunenbus
588 3331 643 3389 tibi
663 3331 753 3390 funus
777 3331 914 3388 constitit
936 3333 1044 3388 uuuml

261 3413 340 3488 Quot
361 3414 503 3473 lacrimas
526 3416 630 3487 orbae,
653 3424 798 3490 quantum
818 3415 883 3487 tibi,
907 3414 1010 3475 Gallia
1029 3415 1085 3473 fati

259 3500 341 3558 Mors
349 3499 513 3557 deditunal
525 3499 644 3558 Novum
653 3520 750 3576 neque
760 3501 853 3572 enim,
861 3499 1179 3578 nequenuperoborta

260 3583 418 3643 Nobilium
446 3584 483 3642 de
505 3585 595 3660 plebe
615 3595 716 3662 caput,
739 3586 794 3644 sed
816 3586 963 3663 sanguiue
984 3587 1022 3644 ab
1042 3585 1105 3644 alto

262 3667 440 3728 Demissum
462 3687 570 3746 genus,
591 3679 681 3746 atque
702 3672 812 3728 beroae
837 3671 943 3747 stirpis
962 3670 1116 3728 alumnum

260 3752 365 3830 Usque
386 3754 424 3811 ab
448 3754 524 3826 avis,
548 3765 578 3812 et
601 3773 724 3813 avorum
745 3756 856 3827 atavis,
872 3757 911 3814 ab
935 3755 1053 3832 origine
1067 3754 1176 3830 prima:

263 3837 350 3914 Quod
369 3857 465 3917 genus
486 3847 657 3912 externum,
687 3858 765 3914 quae
786 3857 861 3916 gens
875 3848 949 3911 'tam
973 3840 1059 3898 devia
1080 3838 1179 3898 nescit
