3000 4725
691 598 731 659 87

253 764 336 841 Quas
356 766 534 843 complexus
560 784 627 825 eras
650 768 814 843 praestanti
834 786 964 844 corpore
986 768 1083 829 dotas.

252 852 375 928 Quodsi
395 853 468 927 quis
485 850 609 911 laudare
630 851 705 911 velit
726 853 891 928 patriamve
913 872 1062 932 genusve,

251 938 387 998 Moverit
404 937 574 1014 ambiguam
598 937 690 997 dnbio
714 938 876 996 conamine
898 938 1037 1014 pdmam.

250 1020 332 1083 Nem
354 1042 432 1097 quae
455 1022 524 1081 diva
545 1029 613 1082 tuas
632 1040 802 1081 memorare
820 1022 945 1081 Batavis
964 1022 1073 1082 laudet

251 1108 307 1167 Vis
327 1108 459 1165 humana
476 1107 584 1183 queat?
603 1106 775 1166 Primordia
793 1126 938 1183 quaerere
963 1109 1032 1167 roei

251 1190 424 1251 Conantem
443 1191 475 1250 in
497 1190 598 1251 varios
619 1193 772 1251 sententia
790 1188 938 1251 distrahet
954 1210 1060 1253 orsuse

249 1277 433 1337 Iustitiaene
454 1275 537 1352 prius
555 1277 678 1350 referat,
700 1277 811 1336 bellive
832 1276 966 1350 labores,

249 1362 350 1421 Exilii
374 1362 478 1421 dulces
494 1369 611 1437 portus,
635 1370 665 1421 et
686 1361 809 1421 moenia
830 1361 934 1419 mundi

249 1446 400 1524 Hospita,
420 1454 483 1505 tute
506 1445 597 1506 bonis
620 1448 676 1505 sub
698 1441 828 1525 legibus.
849 1446 960 1507 Omnia
983 1462 1102 1523 magna,

252 1532 384 1592 Omnia:
407 1532 461 1591 sed
484 1532 582 1589 maius
603 1532 722 1591 censeri
743 1532 832 1590 laude
853 1533 999 1604 virorum,

253 1616 345 1693 Quos
369 1634 508 1694 generes,
530 1616 686 1675 bominum
708 1616 878 1676 iustissima
894 1624 1000 1689 mater,
1015 1614 1170 1690 alumnos,

251 1702 340 1761 Inter
362 1719 439 1776 quos
462 1700 535 1759 olari
554 1701 700 1779 fulgentia
718 1702 822 1761 sideru
843 1702 944 1760 lucent

250 1787 443 1859 Dousiadae‚
465 1786 580 1844 faculas
606 1786 689 1845 velut
709 1788 789 1845 inter
809 1787 897 1845 Luna
919 1785 1063 1844 minores.

251 1870 386 1946 Nonque
405 1881 489 1930 tuum
510 1871 601 1930 decus
624 1890 714 1931 omne
736 1871 796 1931 tui:
824 1872 916 1931 decus
941 1887 1031 1929 omne
1048 1878 1170 1929 tuorum

251 1955 442 2016 Dousiadee.
466 1955 570 2016 Semel
591 1976 651 2014 unu
670 1957 748 2017 alios
774 1956 883 2015 natalis
908 1957 1041 2015 honoret

251 2040 425 2101 Nobilitas:
447 2040 506 2099 His
527 2042 722 2118 omniparens
744 2040 863 2100 Natura
882 2040 1045 2116 quotannis

251 2126 374 2205 Ingenii
397 2126 478 2185 clara
499 2126 550 2183 dat
570 2126 729 2185 nobilitate
751 2127 880 2186 renasci.

252 2210 341 2271 Haec
363 2230 483 2287 quoque
503 2212 638 2271 venturis
661 2211 802 2287 quiddam
823 2210 1019 2270 memorabile
1039 2211 1150 2270 saeclis

254 2297 408 2357 Omnibus
432 2316 452 2353 a
471 2297 606 2355 numeris
630 2298 720 2355 stab
743 2297 827 2355 omni
848 2304 932 2373 parte
955 2298 1076 2357 beatum

252 2382 441 2453 Parturiena‚
460 2381 598 2460 Agedum
620 2382 708 2455 felix,
730 2402 786 2460 age
810 2400 946 2454 nascere,
967 2383 1056 2456 dixit,

253 2467 404 2539 Nascere,
426 2485 495 2525 care
516 2486 598 2542 puer.
623 2469 705 2526 Mars
727 2468 861 2526 vindicet
882 2468 1027 2527 hactenus
1050 2485 1157 2527 omnes

254 2555 407 2612 Auctores
429 2552 523 2610 vestri
543 2553 675 2629 generis.
696 2552 742 2610 Te
763 2552 853 2612 docta
871 2553 1008 2612 Minerva

254 2637 395 2713 Excipiet
417 2655 484 2696 cum
507 2645 590 2712 patre
614 2637 683 2696 sibi.
706 2638 771 2696 Iam
786 2657 892 2716 perge,
916 2645 1036 2696 tuorum

256 2723 325 2798 Qua
347 2722 450 2782 nullus
472 2741 581 2796 presso
602 2722 731 2798 vestigia
754 2723 873 2780 tramite
893 2722 988 2794 flexit,

254 2806 322 2866 Nec
345 2807 405 2867 soli
430 2811 533 2866 vestro
555 2807 740 2866 descendant
764 2815 922 2866 stemmate
943 2806 1049 2865 fortes.

255 2892 316 2950 Per
340 2892 449 2952 doctos
468 2901 663 2950 numerentur
685 2891 742 2951 avi.
763 2891 837 2950 Non
859 2891 945 2948 irrita
964 2890 1077 2949 fundos

255 2979 385 3054 Magnus
407 2977 478 3050 eris,
500 2977 527 3035 si
549 2995 607 3052 qua
629 2977 766 3035 victricia
788 2995 931 3053 rumpere
951 2974 1020 3033 Fati

256 3061 326 3121 Iura
349 3069 451 3138 potes.
476 3061 522 3119 Te
545 3061 646 3120 saecla
669 3070 790 3135 canent,
813 3070 844 3119 to
867 3059 968 3119 vivida
988 3058 1090 3116 nubit

256 3150 416 3206 Annorum
438 3145 535 3205 doctis
557 3146 732 3205 instaurans
751 3156 889 3222 tempora
910 3145 1021 3203 chartis

255 3231 430 3292 Posteritas
452 3231 633 3290 memorabit
656 3249 744 3292 anus.
768 3231 814 3289 Te
837 3230 936 3288 dicere
959 3228 1062 3287 nullus
1105 3236 1109 3242 ’

256 3315 394 3375 Venturo
412 3316 535 3390 poterit,
554 3316 614 3374 nisi
640 3317 691 3391 qui
713 3317 881 3389 mirabitur,
901 3333 989 3373 aero.

256 3399 394 3460 Dixerat.
413 3401 543 3475 Excepit
561 3418 666 3460 vocem
687 3401 809 3460 crudele
827 3400 970 3458 renidens

255 3489 405 3562 Atropos,
427 3485 634 3560 increpuitque
656 3485 824 3545 minacibus
846 3485 948 3544 omina
966 3482 1076 3561 signis,

256 3569 305 3628 Ne
324 3569 453 3648 propria
470 3571 557 3643 baec,
579 3569 688 3629 dilecte
710 3590 795 3645 puer,
825 3569 880 3628 tibi
903 3570 984 3628 dona
1006 3573 1173 3625 manerent.

257 3654 338 3734 ldrgo
361 3653 442 3730 quod
462 3654 572 3731 potuit,
596 3673 689 3732 parco
715 3655 863 3713 deducere
883 3655 976 3713 vitam

259 3737 404 3814 Stamiue,
425 3741 624 3816 praecipitere
644 3739 742 3813 colus,
765 3741 824 3798 hoc
847 3740 989 3816 improba
1008 3737 1090 3794 fecit.

227 3859 231 3868 ‚
260 3822 385 3884 Caetera
407 3844 469 3884 non
490 3826 601 3902 potuit.
622 3823 704 3884 Nam
720 3835 750 3882 te
773 3825 961 3884 circunstetit
983 3821 1084 3882 omnis
