3000 4725
614 602 765 697 geg

246 770 269 827 2.
311 769 371 844 Qui
391 770 452 829 vini
476 770 650 830 excessisse
670 772 793 831 modum
817 790 851 830 se
873 772 1025 848 postulat:
1047 773 1148 848 impos

278 853 332 913 Est
351 856 455 928 animi,
475 856 598 934 linguae
620 864 668 915 est
684 857 785 932 impos
810 864 840 913 et
861 856 913 914 ille
936 877 1020 917 suae.

242 940 331 1012 Atque
353 941 499 1018 oggannit
517 942 631 1016 inepta,
656 949 685 999 et
707 960 784 1016 quae
807 942 984 1018 turpissima
1004 942 1105 1015 aiacis,

277 1023 328 1081 Nil
350 1033 381 1082 et
401 1025 605 1102 inexpertum,
627 1027 698 1085 dum
721 1026 822 1084 madet
841 1027 921 1103 ipse,
940 1026 1018 1085 finit.

241 1107 333 1166 Mente
352 1110 437 1186 prius
460 1129 597 1188 compos,
618 1120 689 1169 tuno
712 1111 824 1169 infans.
847 1112 929 1189 Ergo
953 1119 1105 1174 memento

276 1193 355 1251 Intra
377 1195 546 1273 legitimum
569 1215 689 1255 sumere
714 1197 785 1255 vina
810 1197 944 1257 modum.

241 1274 329 1355 Surge
351 1280 435 1355 prius
457 1300 547 1357 quam
569 1281 750 1341 mensvino
772 1281 950 1358 deponitur:
972 1286 1002 1338 et
1023 1300 1073 1354 ne,

276 1362 316 1421 Ut
337 1365 476 1423 mercede
497 1385 629 1438 merens,
652 1375 758 1424 ventre
780 1368 912 1438 trahere,
934 1365 1012 1423 vide.

242 1530 266 1587 3.
305 1534 469 1593 Mensurae
490 1535 604 1594 oblitos
629 1536 692 1594 viui
712 1537 759 1595 vis
781 1546 912 1612 sumpta,
936 1536 1108 1593 modestum

275 1616 314 1674 Et
333 1620 470 1692 stultum,
494 1638 608 1679 vacuos
630 1621 741 1679 mentis
765 1628 911 1694 utrosque
931 1620 1016 1677 iacit.

240 1700 458 1779 Argentumque
479 1721 646 1780 aurumque
666 1706 828 1781 explorant
846 1705 1044 1781 igne=peritiz

276 1788 332 1847 Ast
349 1790 504 1850 homiuum
524 1790 617 1857 nudat
636 1791 745 1851 mentis
771 1796 877 1866 operta
899 1806 1014 1847 merum

241 1867 375 1941 Quamvis
400 1874 594 1951 prudentum,
613 1875 780 1950 vitiumque
801 1875 955 1933 examinat
975 1892 1076 1945 omne,
1099 1881 1129 1931 et

276 1956 332 2015 Vel
355 1960 453 2018 cautis
474 1961 604 2019 rubeant
624 1980 678 2017 ora
699 1961 828 2037 pudore,
849 1960 931 2016 facit.

240 2038 311 2099 Vina
329 2053 421 2122 eaput
436 2044 510 2101 mihi
532 2045 715 2118 concutiunt,
738 2044 949 2105 Onomaorite:
973 2043 1036 2120 agit
1056 2059 1105 2099 me

275 2126 401 2189 Vinum:
422 2148 481 2187 neo
500 2130 612 2189 mentis
636 2139 684 2188 sat
709 2132 788 2189 bene
811 2146 939 2205 oompos
961 2146 1029 2205 ego.

241 2207 310 2269 Tota
330 2215 439 2274 domus
460 2215 572 2272 ameum
591 2216 732 2289 quatitur.
757 2214 819 2276 Sed
840 2234 930 2291 surge
949 2232 1022 2291 age,
1046 2211 1148 2271 sodesr

275 2296 435 2376 Experiar,
458 2300 520 2356 vini
539 2301 585 2358 vis
608 2300 758 2359 habeatne
780 2301 888 2378 pedeS,

240 2380 329 2456 Atque
351 2386 446 2444 animi
468 2393 610 2442 mentem.
634 2395 736 2445 metuo
759 2379 839 2444 male
862 2405 901 2442 ne
923 2384 995 2459 quid
1013 2385 1148 2458 ineptum

275 2466 385 2530 Ebrius
410 2478 441 2528 et
460 2470 610 2542 madidus,
631 2491 708 2530 neve
730 2470 874 2548 pudenda
894 2489 1005 2546 geram.

241 2547 358 2614 Temeto
381 2555 476 2613 nimio
500 2556 527 2613 si
549 2556 617 2630 plus
640 2567 735 2631 utare,
762 2556 900 2614 nocebit:

278 2635 309 2696 Si
328 2641 462 2713 modico,
484 2641 564 2698 haud
586 2652 706 2713 noceat,
730 2640 865 2716 proderit
887 2640 949 2695 imo
973 2637 1080 2713 magis.

580 2811 793 2869 Eratosthenis.

240 2881 356 2952 Viribus
383 2895 560 2970 aequiparat
584 2896 723 2953 flammae
742 2891 836 2953 simul
858 2888 1024 2948 insinuavit

277 2972 389 3035 Vinum
409 2978 574 3051 hominem,
596 2979 695 3054 qualis
717 2978 801 3037 salsa
822 2973 973 3051 profunda
995 2970 1099 3042 maria,

241 3054 296 3114 Aut
312 3062 436 3137 Aquilo,
459 3072 510 3121 aut
530 3064 579 3122 vis
600 3065 705 3123 Austri
727 3069 858 3133 exardet,
886 3065 991 3134 operte
1012 3055 1149 3131 resignat

278 3142 437 3220 Funditus,
467 3156 556 3224 atque
577 3149 730 3209 hominum
751 3154 876 3224 pectora
898 3151 964 3202 tota
982 3139 1087 3215 quatit.

621 3317 751 3375 Hesiodi.

244 3387 349 3464 Qualia
371 3400 449 3460 dona
469 3401 553 3459 dedit
573 3402 677 3474 Liber,
696 3399 836 3476 vitaeque
858 3399 974 3468 beatae,

242 3472 452 3560 Materiemque
473 3486 544 3560 odii,
565 3494 685 3562 praeter
705 3487 752 3544 ius
774 3486 845 3543 vina
865 3481 988 3539 bibenti.

242 3555 279 3616 Et
298 3564 432 3646 linguam
453 3572 564 3644 oneris,
597 3579 787 3644 mentemque
807 3567 959 3644 pedesque
981 3581 1149 3638 manusque

243 3639 353 3713 Viuelis
375 3656 509 3734 stringit:
532 3665 565 3714 at
585 3657 613 3714 is
634 3656 766 3713 declinat
784 3652 900 3711 lumina
921 3669 1041 3710 somno.

908 3819 946 3880 19
