3000 4725
787 631 829 691 74

355 794 514 856 Gallorum
535 799 653 857 furians
676 801 796 859 animos
819 800 958 859 civilibus
981 801 1036 859 iris

354 882 454 958 Impia
467 883 648 959 Tisiphone.
670 884 779 943 Flebat
799 885 961 943 Provincia
980 886 1059 959 sola,

352 965 447 1025 Nuda
468 976 593 1045 regente
613 988 678 1031 suo.
702 971 814 1046 qualis,
835 970 1052 1029 bacchantibus
1077 971 1182 1044 Euris,

353 1052 510 1113 Fluctibus
532 1055 563 1111 in
580 1054 689 1113 mediis
713 1057 828 1114 amisso
852 1057 961 1131 cymba
982 1056 1141 1132 magistro.

356 1136 471 1196 Cuncta
493 1140 691 1197 coruscabant
710 1140 830 1215 trepida
847 1139 1007 1197 formidine
1029 1141 1145 1214 mortis,

353 1221 479 1281 Pictone
499 1223 527 1283 si
548 1225 674 1300 sonipes
694 1226 833 1284 flammas
855 1225 1002 1283 miscente
1022 1227 1162 1299 cucurrit,

354 1308 412 1365 Vel
435 1308 554 1383 quoties
576 1310 659 1368 acies
681 1309 774 1387 longe
796 1309 975 1386 comparuit.
998 1308 1105 1369 Hostis

354 1393 452 1451 Extra
474 1395 579 1452 urbem
604 1396 785 1453 manifestus
809 1405 882 1467 erat,
904 1403 1065 1471 suspectus
1088 1395 1121 1453 in
1143 1397 1234 1454 urbe.

353 1477 454 1553 thue
476 1479 696 1555 Therapnaeos
717 1480 839 1552 fratres,
863 1480 999 1556 optabile
1021 1480 1117 1553 sidus,

353 1563 477 1622 Auxilio
500 1564 663 1641 implorant
686 1565 827 1639 deprensi
849 1566 969 1622 turbine
989 1562 1126 1623 Nautaer

355 1646 406 1708 Sic
428 1656 457 1705 te
479 1650 636 1725 suspirant
658 1650 751 1708 fessis
772 1649 882 1707 solatia
901 1651 993 1707 rebus
1036 1680 1039 1683 ⁴

353 1733 498 1791 Laturum
521 1736 615 1794 cives.
635 1733 744 1809 Neque
769 1742 827 1806 sat,
849 1745 878 1791 te
899 1752 1030 1811 poscere
1050 1735 1142 1793 votis.

352 1818 497 1878 Pasceris
523 1827 552 1877 et
575 1820 726 1896 precibus.
752 1817 899 1877 Precibus
921 1818 989 1877 Rex
1009 1820 1128 1877 annuit:
1149 1829 1181 1878 et
1200 1837 1274 1877 mox

354 1903 486 1980 Optatus
507 1904 618 1962 Rector
637 1922 738 1962 rerum
762 1904 900 1962 succedis
925 1904 1063 1961 habenis.
1101 1954 1106 1959 Α

352 1988 428 2064 Ipsa
448 1988 568 2064 quidem
591 1989 680 2047 viridi
703 1988 861 2046 iuvenales
882 1989 983 2047 indole
1009 1988 1109 2046 vultus

352 2075 468 2131 Mutato
493 2073 570 2130 felix
589 2074 710 2131 novitas
733 2073 940 2132 moderamine
962 2073 1103 2149 sumpsit.

353 2160 394 2216 At
414 2157 469 2215 tibi
489 2158 574 2214 nulla
596 2158 693 2231 quies,
716 2176 774 2215 nso
792 2158 902 2220 blando
925 2158 1041 2215 lumina
1060 2176 1172 2216 somno

352 2240 516 2299 Declinare
533 2242 630 2299 datur.
652 2240 774 2301 Coniux
796 2262 815 2299 a
837 2254 938 2304 mente
959 2250 1078 2301 remota

352 2326 477 2401 Exulat,
498 2335 527 2384 et
549 2327 664 2401 dulces,
687 2327 845 2386 carissima
867 2328 1003 2400 nomina,
1023 2327 1096 2386 nati.

353 2413 482 2470 Publica
503 2414 640 2488 privatos
662 2413 790 2470 affectus
815 2433 887 2471 cura
909 2414 1040 2490 repellit.

352 2497 441 2558 Unus
465 2516 558 2569 amor,
580 2497 697 2556 nullum
716 2499 832 2573 patriae
855 2517 1047 2575 praeponere
1068 2517 1217 2571 amorem,

353 2581 420 2641 Nec
443 2601 498 2641 sua
517 2583 667 2640 communi
686 2584 852 2642 subducere
875 2585 1010 2642 membra
1029 2582 1145 2640 ruinae.

352 2667 455 2727 Unum
472 2668 530 2725 hoc
541 2669 727 2743 propositum
743 2677 802 2726 est:
826 2669 875 2726 hic
890 2668 1140 2726 mentiterminus
1153 2669 1267 2726 haeret.

353 2753 414 2811 Vix
435 2753 589 2812 admissus
611 2773 677 2811 eras
695 2753 832 2830 trepidae
854 2754 893 2811 ad
912 2753 1122 2813 moderamina
1140 2761 1250 2823 terrae,
1277 2807 1280 2813 ,

352 2838 503 2915 Frugibus
527 2838 655 2898 infestas
677 2839 834 2916 populator
854 2838 942 2898 Picto
963 2838 1104 2896 cohortes

351 2923 479 2982 Parcius
504 2924 638 2981 immittit
656 2926 787 3000 campis:
810 2943 919 2998 neque,
944 2932 976 2980 ut
992 2931 1062 2979 ante
1085 2923 1213 2996 solebat,

353 3007 556 3085 Cornipedum
579 3009 692 3068 crebris
719 3009 885 3068 assultibus
909 3027 983 3066 arva
1003 3008 1121 3085 fatigat,

353 3091 524 3170 Sparsurus
546 3093 665 3169 pavidis
686 3093 828 3152 incendia
852 3093 918 3151 dira
940 3093 1064 3151 colonis.

352 3176 392 3234 Et
413 3178 472 3250 vel,
500 3179 525 3236 si
549 3197 609 3254 qua
630 3178 868 3237 foras-audacia
888 3177 1037 3252 provehit,
1058 3176 1141 3236 hosti

352 3261 543 3338 Improvisus
567 3264 665 3334 adest,
687 3263 735 3320 vel
759 3264 797 3320 ab
819 3264 908 3320 omni.
924 3271 1011 3338 parte
1033 3262 1184 3320 timendus

354 3345 535 3406 Castanides
560 3349 673 3406 absens
695 3348 806 3406 animis
828 3356 992 3423 suspectus
1010 3347 1158 3417 inhaeret,

352 3431 566 3507 Increpuitque
586 3440 709 3505 metum,
735 3433 804 3492 sola
825 3432 988 3491 formidine
1011 3432 1115 3490 victor.

352 3513 438 3588 Quae
459 3515 631 3592 Gardampa
652 3525 719 3576 tuas
743 3525 925 3595 praetexunt
945 3518 1060 3594 oppida
1079 3515 1175 3590 ripas,

352 3601 391 3660 Et
413 3620 489 3676 quae
513 3599 609 3660 Crosa
628 3611 708 3675 tuas,
733 3603 865 3661 dominis
888 3603 1002 3660 servire
1023 3609 1130 3660 coacta

353 3685 516 3758 Hostibus,
539 3686 646 3744 hostili
666 3704 745 3746 nunc
767 3698 838 3746 suat
855 3696 1016 3764 praetenta
1035 3685 1140 3745 furori.

352 3769 419 3829 Nec
438 3779 511 3830 vota
530 3771 690 3848 agricolae,
712 3791 769 3830 nec
790 3791 863 3850 spes
881 3772 1036 3848 intercipit
1054 3771 1126 3830 anui

352 3857 410 3916 Vel
426 3857 521 3915 libata
543 3853 647 3929 Ceres,
669 3857 722 3914 vel*
740 3859 866 3916 abactus
890 3856 984 3914 cultor
1006 3856 1107 3933 agelli.
1200 3867 1204 3873 '
