3000 4725
594 643 744 740 „m

229 805 340 868 latrare
361 828 426 870 mos
449 812 528 872 bunc
547 814 639 892 cogit,
663 824 694 876 et
715 816 821 876 feritas
845 835 923 874 enm.

229 977 269 1036 ³5.
308 978 423 1038 Famae
447 983 555 1042 beatus
575 985 627 1059 qui
647 984 817 1060 supervixit
839 1002 924 1065 suae,

227 1061 340 1140 Illisque
359 1067 470 1124 meruit
491 1067 640 1126 interesse
661 1068 815 1140 laudibus,

227 1143 298 1228 Quas
318 1149 381 1208 vite
400 1170 462 1210 non
483 1152 544 1224 dat,
565 1152 655 1211 funus
676 1171 712 1210 ac
732 1153 809 1212 cinis
831 1153 946 1213 durent.

226 1229 309 1293 bouis
329 1231 446 1309 liceret,
471 1237 497 1296 si
518 1237 624 1296 liceret
645 1255 703 1314 per
725 1238 834 1312 malos,

225 1315 300 1378 Vivis
322 1328 436 1399 uegeto
456 1321 557 1399 gloria
577 1323 655 1382 vivis
678 1323 747 1382 frui.

225 1398 276 1461 Sed
296 1405 323 1464 si
340 1406 489 1465 bonorum
509 1407 621 1464 iudicia
640 1407 677 1464 de
700 1426 748 1465 me
770 1409 831 1466 mei

225 1485 358 1548 Terdevit
382 1491 451 1550 aevi
471 1492 551 1551 livor
572 1511 608 1550 ec
625 1492 812 1570 malignitas,

224 1572 311 1632 Meam
331 1575 495 1650 loquentes
519 1577 645 1654 gloriam
665 1577 826 1653 nepotibus

224 1656 356 1718 Iniuriam
379 1661 489 1719 horum
512 1681 571 1720 non
595 1663 738 1720 tecebuut
759 1661 886 1737 posteri.

225 1825 266 1885 36.
308 1827 517 1907 Quaecunque
540 1840 571 1889 et
591 1839 672 1890 arten
685 1830 869 1906 moliuntur,
893 1839 924 1886 et
943 1829 1024 1906 parit

223 1909 339 1988 Nature,
362 1932 448 1974 mors
469 1915 544 1974 haec
565 1915 707 1974 vindicat.
733 1922 816 1973 stant
836 1922 869 1972 ut
888 1921 991 1973 ruant:

223 1993 333 2073 Vivunt,
355 2007 391 2058 ut
413 2001 532 2058 obeant
553 2001 660 2060 ultimo
685 2000 852 2060 discrimini

224 2078 355 2144 Servatur
374 2086 467 2144 orbis.
496 2086 610 2146 Omnia
631 2087 662 2145 in
686 2085 830 2143 mundum
855 2085 966 2142 cadunt

224 2163 361 2228 Casurum
386 2179 417 2228 et
439 2170 552 2246 ipsum,
575 2191 634 2228 non
658 2171 898 2244 habentemque
922 2169 1019 2227 cedet

224 2334 265 2395 37.
307 2339 419 2401 Omnis
444 2340 554 2418 cupido
579 2339 689 2415 leudis,
715 2338 814 2398 omnis
838 2338 980 2410 ambitus,

223 2419 351 2485 Pruritus
373 2425 468 2484 animi
492 2433 540 2485 est
561 2425 729 2484 febrientis.
749 2423 875 2483 Gloriae

224 2503 410 2589 contemptor
430 2511 561 2583 animus,
583 2510 679 2569 maior
699 2510 782 2569 omni
803 2507 900 2587 glorie
921 2517 978 2567 est.

224 2674 265 2735 38.
307 2679 514 2755 Quaecunque
535 2680 625 2738 luxus
649 2678 761 2737 artifex
782 2677 936 2754 superflua

224 2758 407 2843 Excogitavit
428 2766 495 2825 esui
513 2773 602 2839 etque
623 2763 757 2830 indutui;

225 2845 301 2922 Quae
326 2858 420 2909 nentc
441 2868 562 2922 necrus,
583 2849 730 2925 prodigus
750 2848 831 2905 vitae
853 2864 937 2917 suae,

224 2929 327 2993 Procul
346 2934 455 3013 petivit
472 2935 566 3012 longe
587 2952 644 3010 per
668 2931 853 3003 discrimine,

224 3013 301 3078 Vitae
325 3028 472 3097 parantur
490 3020 600 3091 omnis,
622 3026 652 3075 et
673 3018 766 3076 vitem
785 3022 927 3073 atterunt.

225 3182 266 3245 39.
309 3186 445 3248 Conviva
463 3190 523 3265 lige
541 3162 628 3263 potui
646 3187 775 3262 primum
796 3184 927 3255 modum,

225 3265 299 3341 Quod
322 3280 370 3333 est
391 3291 534 3343 necesse3
558 3273 742 3349 proximum,
765 3270 845 3346 quod
866 3278 914 3329 est
934 3267 1020 3329 setis.

225 3350 268 3413 Nil
289 3366 339 3418 sat
354 3358 455 3417 bibeci
475 3365 532 3429 eet,
561 3357 664 3416 sobrio
688 3356 729 3413 nil
753 3364 801 3414 est
820 3374 935 3430 pamm.

226 3520 266 3583 t0.
310 3528 431 3587 Morum
453 3526 602 3587 melorum
626 3526 808 3601 pestilentes
832 3524 956 3600 spiritus

226 3603 288 3669 Sive
309 3612 413 3684 edflet,
435 3613 546 3683 aufert3
568 3612 631 3671 sive
650 3606 790 3685 stringit,
811 3609 916 3666 inficit:

225 3689 266 3752 Ne
284 3697 363 3756 forte
382 3705 413 3755 te
433 3698 505 3756 ullis
528 3696 635 3755 allinat
657 3694 805 3771 contagiis

225 3774 353 3841 Pruritus
376 3780 498 3857 uliquis,
519 3781 582 3841 tale
601 3780 829 3841 contubernium

226 3859 319 3925 Vitere
339 3884 480 3944 propere.
502 3884 633 3942 nemque
653 3865 679 3925 si
701 3882 804 3922 mores
828 3861 927 3924 melos
