3000 4725
610 647 762 744 Q

244 815 320 888 9,st
345 813 414 876 οίοῦ
435 812 554 896 Λητόος
580 814 638 891 υἱὲ,
661 814 816 898 θρόνοισιν
841 813 876 881 δς
893 814 1083 898 ῆπιοδώροις

277 895 398 981 Μοιρῶν
424 894 600 981 ἐκλιπαρεῖς
622 903 705 982 νῆμα
725 898 777 962 καὶ
798 899 965 981 ῆλακάτην.

240 981 320 1062 τήνδε
339 982 540 1066 κλεϊζομένην
566 987 685 1066 φωναῖς
705 983 794 1067 τρίχα
817 982 1024 1066 δεσποσύνησι

273 1065 384 1148 πέμπει
408 1068 457 1129 σοὶ
477 1067 600 1135 πόλεως
619 1072 692 1135 παῖς
714 1067 768 1134 σδς
787 1064 845 1128 ἀπ’
867 1065 1032 1148 Αὐσονίης.

238 1152 272 1230 τῆ
294 1152 372 1236 τριχὶ
395 1150 426 1212 δ’
452 1150 557 1232 εύαχέϊ
579 1152 717 1234 καθαρὸν
737 1151 915 1234 προσέθηκε
936 1150 1117 1234 κάτοπτρον,

275 1231 308 1295 οὖ
332 1236 384 1297 καὶ
406 1235 458 1298 ἐπ’
484 1235 628 1304 εὐθύναις
650 1238 767 1306 σώζετο
791 1236 906 1302 κάλλος
925 1234 971 1297 ἐό.

239 1320 310 1388 σῶζε
331 1318 366 1381 σδ
390 1320 442 1382 καὶ
464 1319 594 1402 νεότητα
617 1319 712 1406 κόριρ.
739 1319 811 1404 μήτ’
832 1319 915 1387 εἶδος
937 1318 1072 1402 ἀμείνων

274 1401 319 1486 εἴη
344 1403 568 1487 ἀκερσεκόμης,
595 1405 614 1488 ῆ
638 1405 728 1490 τρίχα
750 1404 940 1488 κειράμενος.

237 1570 314 1643 9,2ό.
328 1567 447 1634 Ὗλλον
463 1571 509 1634 δι’
525 1574 724 1658 οἰνοχοεύντα
736 1575 804 1636 τεδν
822 1572 997 1654 θεράποντα
1011 1570 1145 1652 θεῶμαι,

276 1655 461 1737 σκυθρωπὸς
483 1663 620 1738 στοχνοῖς
641 1657 673 1740 μ’
696 1654 973 1740 όμμασιν,Ἀφρε,
994 1653 1127 1739 βλέπεις.

237 1739 280 1799 καὶ
301 1740 330 1801 τί
352 1738 446 1823 ἔρεξα
466 1743 559 1804 κακδν
582 1741 756 1825 θηεύμενος
778 1741 871 1825 ἁβρὸν
895 1737 1065 1822 όποορηόνς

272 1823 417 1907 θηεύμαι,
431 1824 536 1908 νηοδς,
558 1827 657 1908 ῆλιον,
680 1825 788 1910 ἄστρα,
808 1824 910 1891 θεούς.

237 1902 280 1988 ἆρ’
299 1908 423 1992 ἀντικρὺ
447 1908 614 1992 πρόσωπον
638 1909 839 1993 ἀποστρέφει,
859 1910 963 1990 ὥσπερ
991 1905 1026 1968 ἂν
1046 1905 1079 1968 εἴ
1095 1929 1148 1989 μοι

274 1991 317 2075 δῷ
339 1993 438 2060 δέπας
460 1995 479 2075 ἡ
502 1992 639 2078 Γοργὼν,
662 1993 735 2057 όσσε
758 1991 1008 2075 καλοπτόμενοςς

236 2067 395 2161 Ἀλκείδης.
415 2075 451 2138 ῒν
472 2079 568 2159 ιδμδς,
582 2073 680 2141 Ὕλαν
702 2079 779 2161 άταρ
799 2077 921 2159 είδέμεν
945 2076 1026 2158 ἐξῆν.

274 2159 385 2244 ἑψιάαν
406 2158 415 2177 ‘
449 2167 512 2246 ρμῆ
531 2163 584 2224 σὺν
609 2163 709 2245 Φρυγὶ
730 2163 817 2225 παιδὶ
838 2163 933 2244 πάρα.

238 2241 261 2303 εἰ
282 2245 428 2330 φθονέεις
450 2247 582 2356 συσσίτορ
603 2247 678 2331 όρηῖν
703 2245 862 2332 μαλακοδς
881 2246 1083 2328 θεράποντας,

274 2329 414 2395 ἑστίασον
437 2331 552 2408 Φινεῖς,
583 2332 682 2417 Αφρε,
704 2333 756 2396 καὶ
780 2329 958 2399 Οἰδίποδας.

238 2497 318 2570 6,38.
341 2499 404 2583 οὐχ
427 2502 532 2585 όράᾳς,
553 2504 596 2568 ὡς
609 2506 679 2569 παῖς
696 2500 784 2584 μόλις
797 2501 839 2563 ὢν
855 2498 1011 2582 τριέτηρος
1030 2499 1151 2562 ἐπαινεῖ

273 2582 322 2644 τδν
344 2582 466 2665 πατέρα
490 2587 590 2667 ζηλῶν
610 2584 763 2668 Ῥῆηολος
784 2584 919 2666 εὐεπίης,

239 2666 344 2748 μητρός
369 2664 398 2728 τ’
420 2666 546 2737 ἐξανέδο
568 2668 693 2733 κόλπων
717 2674 880 2752 γενετῆρος
900 2667 1034 2744 ἀκούων,

275 2753 316 2818 ὡς
338 2750 508 2836 εύημερίης
529 2755 572 2815 ὢν
593 2752 725 2839 μέτοχος
742 2756 908 2837 πατρικῆς,

239 2831 253 2891 ό
275 2835 384 2941 κρότος
405 2838 445 2913 οἱ,
468 2840 551 2899 λαῶν
568 2860 600 2899 τε
620 2839 798 2921 πανήγυρις,
821 2835 855 2899 οἵ
870 2857 903 2897 τε
926 2836 1063 2898 δικασταὶ

275 2922 401 2996 εοαδον,
425 2920 575 3004 αἰθούσης
596 2922 625 2984 τ’
652 2922 747 3007 όχλος
763 2920 943 2988 Ἰουλιάδος.

241 2998 399 3089 εὖροπέδιρ
421 3005 523 3089 χαίρει
548 3006 662 3091 σταδίῳ
684 3006 775 3089 γόνος
797 3006 891 3067 ίπποο
916 3005 999 3085 ἑῆος,
1042 3013 1048 3019 ’

276 3084 307 3157 ἔς
322 3114 358 3153 τε
380 3091 480 3173 μάχην
504 3092 602 3173 δργῶν
629 3091 747 3176 μόσχος
770 3087 881 3175 όροοσ’
903 3087 1031 3170 ἄκερως.

239 3174 341 3253 παῖδα,
364 3174 443 3249 θεολ,
468 3177 599 3246 σώζοιτε
620 3182 706 3257 γονεῐ
725 3176 777 3238 καὶ
800 3173 899 3257 μητρί.
923 3171 1066 3254 λέγοντος

244 3292 246 3298 2
276 3260 381 3342 χαίροι
402 3260 418 3321 ό
445 3259 498 3341 μὲν
521 3259 649 3336 τέκνοι’,
669 3262 688 3343 ῆ
709 3261 743 3323 δὲ
769 3255 1020 3340 συναμφοτέρων.

240 3422 320 3495 3,19.
338 3427 574 3531 παστάδοςάχχι
584 3429 668 3491 στᾶσ’
680 3426 1149 3510 ἑκατονστύλοοάρκτοςόρᾶται,

276 3504 474 3591 ῆπλατανὼν
493 3517 639 3595 ψεύσταις
658 3512 766 3595 θηρσὶν
791 3510 997 3595 ἐπιστέφεται.

240 3586 274 3670 ἧς
296 3597 338 3663 ὡς
361 3595 477 3679 ἑψιόων
501 3596 629 3679 πείραζε
652 3598 685 3660 τδ
709 3597 827 3681 χάσμα,
850 3596 971 3679 καθῆκε

279 3684 390 3763 κοῦρος
402 3674 499 3749 Ὕλας
522 3682 639 3764 ἀταλῆν
660 3686 754 3766 χεῖρα
775 3680 853 3758 κατὰ
873 3680 1034 3764 στόματος.

244 3756 317 3825 ἀλλὰ
340 3762 441 3847 λάθρη
462 3764 532 3827 κατ’
558 3766 635 3850 ὀπὴν
659 3768 801 3848 φώλεοεν
822 3762 948 3848 ένεδρος
965 3762 1082 3847 ἔχιδνα.

280 3845 388 3930 ἄρκτος
407 3848 465 3912 όπδ
488 3854 591 3935 ψυχῆς
608 3848 633 3911 τ’
658 3848 747 3913 έπνεε
768 3849 963 3933 λογροτέρης.
