3000 4725
742 631 894 726 -¹⁵„⁸„„

362 795 516 879 Θῦττονῆ
541 793 618 878 παρ’
646 793 840 882 Ἡρακλείτῳ
864 797 997 879 περίνεω
1018 794 1109 863 τόκος
1129 792 1237 880 τρέχει

361 881 424 946 Καὶ
443 879 540 964 κρόκη
563 879 642 942 λέων
663 881 766 949 δεθεὶς
790 881 854 944 ἅνω
877 880 961 944 κ’άτω
984 881 1189 964 περισῦρεται.

361 963 484 1048 Κέρδος
506 963 653 1049 αἰσχύνης
674 963 810 1049 ἄμεινον.
833 965 905 1028 έλκε
926 967 1035 1050 μοιχδν
1057 965 1089 1032 ές
1113 962 1222 1050 μυχόν.

362 1048 452 1133 Μήγε
476 1052 579 1132 μεῖζον
602 1049 786 1132 προσκέοιτο
808 1050 1004 1133 πούπίσαγμα
1025 1049 1164 1134 θυλάκῳ.

362 1133 417 1217 Μὴ
442 1133 470 1195 δ’
495 1133 602 1216 ἀμόλη
622 1135 683 1201 τὼς
702 1137 808 1202 καλὼς
825 1134 957 1213 ἄκανθα,
978 1134 1052 1217 μηδ’
1069 1131 1108 1196 αὖ
1128 1132 1266 1216 πλαδδίη.

362 1219 415 1302 Μή
440 1215 471 1279 σ’
495 1217 606 1280 ἐλαιῶν
631 1218 717 1286 ἐκτὸς
736 1220 909 1302 ἁρπάσαςό
932 1219 1032 1301 θυμός
1051 1217 1181 1322 ἐκφέρη.

361 1303 416 1386 Μή
439 1301 505 1364 ποτ’
528 1299 563 1364 εὖ
584 1301 683 1386 ἕρδειν
704 1302 844 1387 γέροντα,
869 1304 949 1386 μηδὲ
970 1304 1106 1385 γείτονος
1127 1325 1213 1364 κονα.

362 1387 451 1470 Μήτε
469 1387 577 1466 παῖδα,
602 1387 643 1469 μὴ
667 1391 807 1468 γυναῖκα,
830 1389 870 1471 μὴ
896 1390 990 1450 λάλον
1008 1389 1205 1470 κωπηλάτην.

362 1471 452 1556 Μήτε
471 1470 580 1533 Λυδῶν
606 1471 742 1554 καρόκας
760 1495 806 1554 γε,
831 1473 907 1556 μήτε
927 1472 1079 1557 μαστίγων
1106 1469 1235 1556 ψόφους.

363 1555 525 1637 Μουσικὴν
549 1552 629 1639 ἔρως
648 1556 795 1633 διδάσκει,
818 1554 874 1640 κᾷν
898 1556 1036 1639 ἄμουσος
1055 1552 1077 1640 ᾖ
1097 1556 1132 1618 τὸ
1153 1555 1230 1640 πρίν.

362 1639 456 1726 Νᾶφε
478 1640 530 1702 καὶ
553 1638 688 1722 μέμνασ’
701 1642 850 1718 ἀπιστεῖν,
865 1647 961 1704 ταῦτα
975 1646 1070 1725 νεῦρα
1082 1643 1136 1702 τᾶν
1152 1643 1268 1724 φρενῦιν.

252 1747 255 1754 ¹
362 1723 458 1788 Νυκτὶ
476 1723 593 1808 φωνὰν,
615 1725 697 1787 νυκτὶ
721 1725 847 1810 βουλὰν,
871 1727 953 1788 νυκτὶ
974 1726 1027 1787 τὰν
1049 1725 1133 1787 νίκαν
1159 1725 1252 1786 δίδου.

360 1806 398 1873 Ὁ
421 1808 537 1892 φθόνος
558 1807 675 1878 δίκαιός
695 1808 767 1885 ἐστι,
785 1812 837 1872 τὸν
859 1810 1034 1894 φθονοῦντα
1053 1809 1111 1891 γὰρ
1131 1809 1242 1871 δάκνει.

364 1892 444 1959 Οἶδα
463 1894 612 1978 πολλάκις
636 1894 773 1962 κολάσας
790 1894 943 1980 χορτέρους
965 1898 1021 1956 σοῦ
1044 1893 1198 1976 μείζονας.

364 1975 434 2042 Οίσι
456 1979 561 2040 πιστὸν
583 1980 699 2060 μᾶλλον
722 1977 865 2062 οὐδὲν,ῆ
888 1979 973 2062 λῦκιμ
996 1976 1150 2063 κεχηνότι.

355 2058 463 2130 Ὅστις
482 2059 570 2144 ἔργον
595 2062 685 2125 οὐδὲν
708 2062 803 2147 εἶχεν,
823 2061 977 2148 Ἀρμένην
1001 2063 1160 2147 ἐτείχισεν.

364 2145 410 2212 Οὔ
435 2145 575 2230 μ’,ἐχρῆν
590 2148 682 2228 σορὸν
696 2147 857 2230 πρίασθαι,
873 2148 955 2211 τοῦτ’
970 2146 1076 2231 όφλων
1090 2145 1269 2230 ἀπέρχομαι.

365 2229 446 2296 Οότε
469 2229 520 2292 σὺν
541 2229 799 2315 πανωλέθροισιν,
822 2231 891 2295 οὔτ’
916 2231 989 2295 ἄνευ
1012 2229 1235 2318 πανωλέβρων.
1312 2242 1313 2291 ι

365 2312 411 2380 Οό
436 2313 656 2399 φιλάνθρωπός
674 2338 719 2383 τις
740 2316 776 2379 εί.
800 2315 884 2402 ἔχεις
904 2316 1006 2397 νόσον,
1025 2316 1146 2401 χαίρεις
1165 2314 1270 2381 διδοὺς·
1312 2296 1313 2329 ¹

365 2398 445 2465 Οὐδ’
470 2398 545 2463 ἄνευ
567 2400 650 2462 ἁλῶν
675 2401 834 2485 μεδίμνου,
858 2403 926 2464 οὐδ’
945 2401 1018 2464 ἄνευ
1041 2399 1158 2486 χρόνου
1180 2401 1271 2484 φιλας.
1312 2449 1313 2466 .

365 2481 431 2548 Oba
454 2483 515 2567 ἐγώ
541 2484 640 2567 μούνα
665 2486 820 2570 κοθουρὶς,
844 2486 956 2549 ἐντὶ.κ’
981 2485 1074 2549 ἄλλαι
1098 2486 1264 2551 &mnam
1312 2471 1313 2566 λ

355 2565 399 2633 Ὃ
423 2570 484 2651 ἐγὼ
507 2568 703 2649 σ’[ἐ]δι’δαΕα
724 2570 842 2633 πέττειν
867 2570 984 2653 τέτταρ’
1008 2572 1052 2639 εἰς
1070 2571 1123 2653 τὴν
1145 2567 1270 2655 χοίνικα.
1312 2569 1313 2586 ἐ

365 2652 436 2739 Οὐχ
452 2651 506 2716 ὑπ’
531 2654 645 2731 ἄλλων,
668 2654 748 2718 ἀλλὰ
769 2660 833 2723 τοῖς
850 2660 963 2718 σαυτοῦ
982 2658 1106 2739 πτεροῖς
1128 2654 1270 2717 ἁλίσκεαι.

365 2737 458 2802 Πάντ’
481 2738 537 2800 ἀπ’
558 2740 755 2823 ἀκροφοσίων
777 2763 810 2802 τε
832 2740 912 2825 κᾴπὸ
933 2740 1194 2826 κινναβευμάτων.

364 2822 519 2891 Πολλάκις
529 2846 576 2885 τοι
588 2823 684 2886 πόλλ’
700 2824 755 2887 ἀπ’
773 2825 895 2910 ἐχθρῦιν
910 2824 1116 2907 μανθάνουσιν
1133 2824 1164 2885 οἱ
1174 2820 1270 2907 σοφοί.

365 2906 1269 2993 Πρὸςστάθμηπέτρον-τίθεσθαι,’μήτιπρδςπέτρῳστοίθμηκ

365 2990 521 3076 Ποββίχαν
544 2992 596 3076 ἄρ’
624 2994 644 3055 ἁ
665 2994 806 3077 κάμηλος
828 2991 928 3076 ἔμαθε
950 2993 1004 3055 τὰν
1025 2990 1184 3075 Κινησίου.
1312 2999 1313 3002 ’

365 3072 415 3159 Τῇ
437 3076 563 3159 ἀγρυξίᾳ
588 3076 726 3141 δέδενται
747 3078 856 3161 ἄνδρες
879 3079 908 3140 οἶ
930 3080 1118 3161 νικώμενοι.-

365 3157 414 3243 ΤγῙ
436 3160 494 3223 πέτ
514 3161 601 3244 ηιδδς
614 3163 647 3224 τδ
666 3161 777 3230 σκέλος
790 3165 855 3239 σὸν,
870 3164 922 3225 καὶ
935 3167 1100 3225 πεσοῦνται
1118 3159 1150 3223 τ’
1168 3161 1268 3244 ὤρνεα.

366 3242 452 3312 Τοὺς.
464 3268 611 3327 γεροντας
626 3252 699 3314 παῖς
716 3247 879 3323 διδάσκεις,
891 3248 945 3310 καὶ
960 3248 1019 3331 πρὸ
1041 3250 1096 3327 τῆς
1112 3244 1268 3328 γενειάδος·

365 3326 465 3392 Τοῦτο
492 3330 530 3411 δὴ
551 3332 584 3393 τό
611 3332 698 3414 σιμὸν
723 3332 890 3415 ἐξάμπρεο’
912 3332 986 3395 ἄνευ
1007 3330 1189 3412 κανθηλίου.
1312 3341 1313 3346 ’

366 3409 420 3497 Τῷ
440 3414 566 3497 παλαιῷ
587 3413 764 3498 Λακρατίδη
786 3417 821 3479 τὸ
841 3414 950 3484 σκέλος
971 3416 1145 3502 βαρύνεται.

365 3494 420 3581 Τῷ
432 3498 552 3581 πράσου
569 3498 746 3583 φόλλῳ’στ’
759 3500 900 3584 ἐρώντων
912 3499 1078 3583 δεδεμένον
1088 3498 1266 3583 βαλλάντιον.

366 3577 435 3643 Τῦιν
456 3604 491 3664 γε
512 3582 785 3669 διθυραμβοποιῶν
809 3590 881 3647 νοῦν
903 3584 987 3671 ἔχεις
1007 3585 1167 3647 ἐλάττονα.

367 3664 455 3749 Φρὺέ
472 3667 549 3749 ἀνὴρ
571 3669 697 3750 πληγεὶς
716 3669 863 3752 ἀμείνων,
880 3672 935 3733 καὶ
954 3668 1196 3752 διακονέστερος.

365 3747 622 3834 Χοιροπωλήσειν
647 3749 762 3829 ἔοικας,
783 3755 808 3816 ὦ
831 3751 982 3837 Κορινθία
1002 3754 1100 3836 γόναι.

356 3830 438 3899 Ὧδε
462 3836 554 3919 μίσει,
576 3841 620 3905 ιὀς
635 3838 792 3921 φιλήσων·
816 3838 917 3906 ὡςδὲ
939 3841 1089 3923 μισήσων,
1114 3836 1205 3922 φιλτι.
1312 3859 1313 3920 γ

969 3956 973 3961 ’
1098 3970 1106 3981 ·
1312 3961 1313 4008 ι

1312 4021 1313 4068 λ
