3000 4725
716 599 867 692 -u-

378 766 529 845 Concepit
547 768 635 826 tereti
657 768 726 845 lege
746 769 846 827 soluta
867 768 1012 846 pedum„

335 853 423 911 Vatis
446 860 476 911 et
495 852 640 913 Historici
661 854 761 911 fuerat
777 872 855 928 quae
879 852 999 930 singula
1019 872 1161 931 magnum

377 938 535 1014 Accipere,
556 939 606 996 hic
628 956 706 997 unus
730 938 867 1013 praemia
888 938 991 997 iuncta
1012 939 1098 996 feret.

373 1107 419 1167 15.
468 1109 508 1165 In
531 1106 699 1165 Suetonium
720 1108 758 1165 ob
781 1110 888 1166 Isuoco
911 1108 1082 1169 Corwbono
1102 1110 1221 1169 edilium.
1333 1097 1334 1102 ἵ

335 1191 460 1269 Imperii
479 1188 635 1269 prucorum
657 1192 857 1267 T[r]anquiili
878 1193 1002 1251 condita
1021 1193 1109 1252 libris
1333 1191 1334 1200 ’

379 1276 477 1345 Gesta
497 1277 658 1336 vetustatis
681 1278 846 1335 obsoluere
866 1278 936 1335 situ.

299 1407 302 1413 .
337 1360 521 1421 Caesaribus
542 1362 672 1439 patriam
694 1361 819 1419 dederat
841 1381 1009 1437 nomenque
1027 1382 1185 1441 genusque

378 1448 594 1524 Tranquillusr
615 1447 714 1503 lucem
736 1446 868 1504 reddidit
885 1448 1014 1509 Isacius.

336 1532 473 1591 Tradere
487 1552 544 1591 -res
565 1539 669 1610 gestas
693 1550 778 1604 aevo,
802 1552 864 1591 non
885 1532 993 1591 ultima
1016 1533 1083 1591 laus
1106 1541 1171 1592 est:

380 1616 563 1677 Caesaribus
583 1617 681 1675 lucem
702 1617 840 1688 reddere,
864 1617 1050 1677 Caesareum
1072 1626 1128 1677 est.

463 1788 510 1845 16.
551 1790 590 1845 In
612 1788 796 1845 Murredium
818 1789 864 1844 Io.
884 1790 976 1845 Isocio'
996 1788 1130 1845 Pontuni.

335 1871 488 1931 Pristinus
511 1872 646 1948 auspicio
667 1872 803 1930 Pontani
824 1871 959 1931 redditus
983 1881 1029 1931 est
1049 1892 1129 1930 nunc

377 1956 533 2015 Macrobio
555 1957 636 2014 cultu
659 1958 713 2015 sub
734 1957 850 2031 potiore
870 1957 960 2014 nitor.

337 2040 476 2101 Gaudete
497 2061 515 2100 o
538 2048 671 2099 veterum
695 2041 877 2116 scriptorum
896 2042 1044 2118 naufraga
1065 2042 1163 2114 turba,

381 2123 415 2185 Si
437 2145 514 2201 quos
529 2126 677 2184 Macrobii
699 2126 790 2183 docta
808 2145 943 2202 papyrus
965 2127 1065 2183 habet.

337 2209 428 2267 Hanc
448 2230 504 2287 per
522 2211 709 2269 Macrobium
734 2210 827 2268 vitam
852 2211 1009 2288 spirabitis
1033 2210 1117 2281 olim,

381 2294 468 2370 Quae
490 2314 545 2373 per
564 2295 736 2355 Pontanum
759 2295 879 2353 reddita
897 2295 1052 2355 Macrobio
1075 2303 1131 2352 est.

484 2466 532 2522 17.
577 2467 615 2522 In
638 2466 799 2524 Auriocurn
820 2467 955 2524 Danielis
976 2466 1099 2523 Hansii.

337 2549 552 2626 Melpomenae
572 2567 689 2608 sacrum
715 2551 788 2608 facit
809 2551 973 2610 Heinsius·
988 2569 1042 2609 ore
1064 2550 1178 2623 favete,

379 2633 461 2692 Dum
483 2635 579 2709 quatit
600 2636 770 2712 Aeschyleo
796 2637 915 2713 pulpita
936 2637 1018 2711 picta
1042 2635 1129 2711 pede.

338 2717 421 2778 Cede
442 2717 623 2795 Sophoclaei
645 2739 766 2778 carmen
787 2721 892 2798 regale
911 2720 1066 2790 cothurni3

380 2802 487 2862 Cediie
507 2803 664 2881 Cecropiis
683 2807 792 2881 plausa
813 2808 932 2864 theatra
954 2805 1066 2862 choris.

336 2889 489 2966 Principis
512 2890 564 2947 ille
589 2889 684 2947 vicem
711 2890 853 2962 subitam,
878 2891 1073 2964 strictumque
1096 2888 1200 2946 dolose

379 2972 453 3032 Non
477 2981 655 3052 exspectato
677 2977 793 3034 fulmen
816 2977 854 3033 ab
875 2976 966 3034 hoste
990 2975 1081 3045 canit,

336 3060 376 3117 Et
395 3059 489 3117 fixum
507 3059 538 3117 in
561 3060 659 3136 patria
680 3061 748 3118 dum
769 3061 871 3136 figitur
888 3061 920 3118 in
940 3060 1037 3132 Duce,
1057 3059 1176 3118 vulnus.

379 3143 469 3201 Hanc
490 3145 545 3203 tibi
568 3141 651 3202 nulla
673 3145 737 3202 dies
762 3145 859 3215 tollet,
880 3145 978 3207 lbere,
997 3152 1110 3203 notam.

337 3228 732 3305 GrandiloquisqueHeinsi
745 3229 974 3303 numeris,quae
986 3230 1117 3287 dedecus
1130 3246 1191 3284 una
1207 3233 1254 3284 est

378 3315 463 3372 Mors
483 3315 549 3386 tibi,
568 3313 727 3373 Nassovio
751 3314 813 3371 vita
832 3315 976 3390 perennis
999 3314 1065 3372 erit.

448 3484 494 3542 18.
536 3486 575 3541 In
597 3485 740 3558 Bnldaino'
763 3485 934 3553 Berlicomio‘,
952 3482 1145 3540 Hieroaiiciou.

337 3565 481 3627 Carmina
502 3567 664 3628 Berlioomi
686 3588 748 3626 non
770 3587 847 3626 vano
869 3568 984 3626 sublita
1004 3567 1086 3639 fuco,

381 3650 443 3712 Sed
463 3660 590 3726 castum,
616 3661 647 3710 et
668 3672 761 3729 purae
781 3662 853 3712 sunt
872 3651 1001 3710 Pietatis
1022 3668 1133 3729 opus.'

336 3737 409 3814 Ipse
432 3737 552 3813 quidem
572 3745 694 3814 poterat
716 3739 793 3797 votis
815 3738 981 3799 maioribus
1003 3753 1078 3795 usus

377 3823 450 3881 Alta
470 3825 614 3883 Maronea
633 3825 727 3882 verba
747 3842 856 3883 sonare
878 3823 965 3880 tuba:
