3000 4725
712 604 863 698 jd?-

329 774 517 835 Flaminibus
539 772 602 831 leni
624 780 655 833 et
675 775 829 850 praesenti
851 772 976 833 numine
995 774 1118 833 adesse.

330 943 369 1001 rr
428 941 548 1003 camel
572 944 709 1002 ansani·
728 944 827 1001 Panse
844 945 950 1003 aaa
973 944 1148 1003 raanan.
1242 910 1245 915 ’

329 1027 424 1087 Liber
444 1027 495 1085 ted
513 1047 578 1100 oro,
600 1035 666 1087 sete
685 1027 823 1101 fulmine,
844 1027 984 1105 corniger
1003 1028 1100 1101 adsis,

211 1152 220 1169 .
328 1112 472 1185 Bassam,
495 1111 607 1171 Brume
627 1120 725 1189 pater,
746 1112 868 1171 celeber
886 1113 973 1171 Deus
994 1113 1204 1189 induperator,

329 1196 426 1271 Quem
449 1196 603 1255 oblectant
623 1216 725 1269 enses,
744 1197 872 1274 pilenta,
892 1216 1056 1273 sacraeque
1075 1198 1244 1272 ministrae,

327 1282 366 1343 In
380 1281 473 1340 *coelo
495 1282 639 1355 vitulans,
663 1284 783 1354 insane,
807 1283 983 1360 crepicrepe
1004 1282 1130 1358 Brume,

328 1366 493 1425 Instinctor
511 1367 639 1441 furiose,
663 1368 816 1444 supremis
837 1387 950 1427 numen
973 1368 1118 1428 honorum

329 1452 497 1527 Terraique
517 1470 624 1511 sacrae
648 1452 829 1511 mortalibus
848 1452 1062 1525 inducolonis;

264 1578 266 1585 -
328 1537 422 1596 Adsis
447 1536 559 1615 gaudia
579 1537 660 1597 laeta
682 1538 785 1597 ferens
808 1538 994 1598 salisubsule
1014 1538 1084 1596 Die.

331 1706 372 1765 45
525 1707 643 1767 Velabri
663 1707 763 1767 Patris
784 1708 926 1783 suffimen,
947 1726 1064 1765 manaa.

328 1790 494 1849 Velabrum
515 1811 644 1851 veneror
665 1801 806 1852 votorum
828 1793 883 1851 hoc
905 1810 1030 1849 munere
1051 1798 1183 1865 patrem,

328 1875 505 1949 Mustidum,
528 1886 557 1935 et
576 1876 737 1950 investem,
760 1870 881 1935 florenti
901 1885 1025 1953 pectore
1048 1876 1213 1935 Brumum:

328 1958 464 2019 Crinitae
486 1962 627 2035 Veneris,
649 1981 821 2037 numenque
841 1961 961 2021 illustre
982 1962 1126 2035 virerum,

329 2045 390 2120 Qui
410 2066 522 2105 numen
543 2047 629 2105 lucos
651 2047 764 2106 virides
786 2048 865 2124 pede
886 2045 1068 2123 persultanti

328 2130 497 2209 Pervolgas
522 2150 587 2189 cum
610 2133 734 2192 vesanis
756 2127 881 2191 vesanu’
903 2132 1034 2189 virabus.

328 2213 410 2287 Quin
433 2223 463 2273 et
483 2216 614 2275 consilio
636 2217 719 2276 Iovis
744 2218 783 2275 ad
804 2216 1019 2292 Proserpinam
1039 2215 1185 2277 alumnus

329 2302 426 2359 Actus
449 2301 581 2374 crevisti,
604 2309 718 2362 tremor
739 2302 955 2362 immortalibu’
978 2301 1083 2372 Divis3

329 2383 380 2446 Sis
402 2385 488 2458 felix,
510 2394 540 2443 et
561 2394 659 2446 macte
678 2388 747 2448 fuas
771 2390 831 2446 hoc
849 2406 974 2448 munere
996 2405 1092 2446 sacro.

329 2553 369 2612 46
417 2554 588 2614 Columellas
599 2575 648 2614 sea
666 2559 828 2616 Telamonis
839 2557 939 2615 Patris
948 2557 1089 2632 suffimen,
1101 2567 1245 2616 aromata.

327 2639 426 2699 Elicio
448 2639 593 2698 Brumum
616 2639 828 2714 Columellam,
851 2642 1052 2714 vitisatorem,

327 2721 457 2783 Aedibu’
479 2723 652 2798 CadmaeiS,
675 2727 726 2801 qui
750 2729 861 2784 circum
880 2745 995 2803 perque
1017 2739 1147 2804 vagatus

328 2808 429 2871 Subiit
449 2830 524 2870 onus
549 2819 732 2884 constanter,
761 2820 860 2870 terrae
882 2811 1024 2870 incendia
1042 2812 1189 2886 placans3

328 2893 406 2954 (lum
428 2915 507 2974 vaga
529 2896 711 2954 inundarent
731 2897 921 2954 flammarum
941 2896 1064 2954 flumina
1086 2905 1200 2957 terram

328 2979 514 3040 Turbinibus
537 2979 656 3054 calidis,
679 2981 728 3039 hic
751 2990 860 3040 cuncta
877 2982 998 3040 ruentia
1016 2981 1111 3040 fulsit.

327 3063 397 3122 Huc
419 3066 503 3124 adsis
526 3067 636 3124 mentis
655 3067 766 3128 ridenti
785 3067 897 3124 Brume
917 3067 1031 3142 lepore.

328 3233 368 3290 47
528 3235 603 3298 Sabi
620 3235 719 3292 Patris
738 3237 880 3312 suffimen,
899 3245 1041 3293 aromata.

327 3317 387 3376 Dic
411 3317 492 3377 Sabe
517 3320 719 3396 omnipotens
741 3321 813 3378 audi
837 3319 982 3380 Saturnia
1001 3319 1119 3396 proles,

328 3402 538 3478 QuiBrumum
546 3405 696 3464 Bacchum
711 3403 1246 3482 streperum,insubulum,inseruisti

326 3487 362 3546 In
386 3486 510 3562 femore,
538 3498 571 3547 ut
592 3491 643 3565 qui
662 3491 805 3566 post-idea
826 3499 962 3550 maturus
984 3487 1082 3548 adiret

326 3571 365 3630 In
384 3571 523 3632 Tmolum
544 3583 693 3647 sanctum,
717 3576 768 3635 ubi
790 3577 923 3634 habebat
941 3575 1069 3651 Equiria
1090 3575 1223 3652 polchra.

327 3656 429 3731 Quare
449 3680 467 3717 0
487 3659 557 3718 Rex
582 3659 902 3738 Frugias‚=procerum
923 3659 1003 3718 coeli
1019 3659 1228 3737 induperator,

326 3743 410 3802 Mitis
434 3744 519 3816 ades,
542 3744 727 3804 antistitibus
748 3745 860 3806 solatia
882 3753 1053 3824 praestans.
