3000 4725
727 625 879 721 Qa-

356 790 517 851 Certamen
537 791 617 851 acris
637 805 834 855 conserentes
856 793 976 871 praelii,

355 877 521 953 Pisamque
545 877 678 953 capiunt,
699 887 730 937 et
750 879 924 954 relinquunt
943 877 1048 937 omnia

279 960 507 1021 1360Praedam
534 961 626 1021 duelli
646 963 762 1039 iugera,
787 963 912 1024 Umbris
934 964 1046 1023 tinibus

353 1046 533 1123 Propinqua
557 1054 586 1105 et
606 1046 731 1123 Alpium
754 1050 870 1126 iugosis
892 1048 1022 1107 arcibus.

354 1131 453 1189 Litem
475 1150 633 1206 supremus
655 1133 746 1191 torris
770 1134 924 1209 antiquam
943 1132 1066 1201 excitat,

356 1216 439 1275 Olim
461 1216 599 1292 sepultos
622 1217 744 1293 ignibus
765 1218 906 1277 animans
927 1235 1033 1296 rogos,

354 1301 522 1375 Postquam
541 1301 688 1378 Pelasgos
709 1303 884 1362 haurientes
906 1302 1067 1379 Rhyndaci

279 1392 346 1447 1³65
356 1384 527 1463 Conspexit
544 1387 628 1444 urnis
649 1387 680 1444 in
703 1389 872 1465 peregrinis
896 1406 1015 1464 aquam.

354 1471 528 1548 Lymphato
550 1478 581 1527 at
601 1470 656 1527 illa
679 1472 814 1531 efferatis
837 1474 982 1532 aestubus

355 1555 551 1632 Triplamque
572 1556 829 1633 quadruplamque
851 1557 1012 1615 vindictam
1033 1554 1157 1627 inferet,

355 1641 474 1718 Magnis
494 1640 590 1698 ruinis
612 1640 696 1699 littus
717 1642 878 1701 adversum
898 1643 1057 1718 impetens.

354 1725 521 1800 Aderitque
543 1726 657 1800 primus
679 1725 821 1785 hic·Iovi
842 1727 994 1803 Lapersio
1024 1758 1028 1764 ·

279 1809 615 1888 137000gnominisque
639 1818 669 1868 et
687 1811 859 1889 Fulguritor
879 1811 1027 1889 Iuppiter,

355 1895 441 1955 Telis
463 1896 596 1955 trisulcis
618 1896 754 1955 hosticas
773 1897 961 1973 flam[m]ans
980 1898 1102 1955 domosz

354 1979 483 2055 Quicum
505 1981 575 2057 ipsa
596 1980 719 2053 moriar,
737 1982 829 2056 inque
854 1983 982 2041 mortuis
1006 1998 1123 2059 vagans

355 2065 442 2123 Tunc
461 2065 582 2123 audiam
601 2065 665 2123 illic
685 2066 749 2139 illa,
773 2084 850 2140 quae
870 2074 944 2143 post
968 2066 1105 2143 eloquar.

356 2150 417 2211 Sed
441 2158 472 2207 et
491 2150 654 2222 secundus,
673 2150 826 2209 interemti
847 2152 929 2209 filius

280 2236 393 2295 1375111
415 2242 480 2292 rete
502 2236 576 2292 muti
594 2235 690 2310 piscis
713 2236 822 2293 immiti
844 2236 948 2307 modo,

357 2319 484 2378 Terram
505 2320 650 2378 cremabit
669 2320 823 2398 hospitem
843 2320 955 2380 Medici
976 2320 1026 2379 dei

357 2405 498 2466 Oraculis
519 2423 586 2463 cum
607 2405 789 2484 multilingui
810 2407 956 2464 exercitu.

356 2493 398 2549 At
419 2509 490 2568 rege
513 2490 789 2566 lignatoretertius
810 2499 906 2564 satus,

354 2575 494 2652 Figulam
512 2582 650 2632 recenter
671 2576 819 2653 virginem
838 2575 1057 2634 Branchesiam

281 2665 348 2721 1380
358 2659 486 2720 Glebam
507 2660 637 2720 solutam
659 2661 782 2718 flumine
802 2660 948 2721 inducens
971 2661 1030 2719 sibi

337 2746 515 2816 Terrestre
538 2764 635 2822 egeno
657 2765 767 2804 munus
790 2747 906 2822 optanti
928 2746 1010 2817 dare,

355 2833 449 2890 Libro
474 2830 607 2908 sigillum
629 2831 710 2904 quod
731 2831 843 2889 fuisset
863 2830 996 2902 conduli‚

355 2917 504 2975 Montana
523 2915 681 2974 Phthirum
703 2935 799 2993 regna
820 2915 903 2974 solus
927 2913 1050 2985 incolet,

355 3001 494 3059 Peditem
513 3000 678 3058 retundens
702 3000 782 3059 Cara
803 3001 1037 3058 mercenarium:

281 3093 347 3147 1385
357 3086 485 3144 Petulca
507 3103 574 3142 cum
594 3086 723 3143 nonaria
743 3085 863 3162 eugium
885 3093 988 3143 terens

355 3171 492 3229 Nictabit
515 3170 588 3228 olim
606 3171 739 3247 nuptias,
760 3170 920 3228 catulliens

357 3256 454 3331 Turpi
473 3256 619 3313 suburrae
642 3257 837 3313 barbarorum
858 3256 982 3312 nubere.

357 3339 464 3413 Quarti
485 3339 647 3416 Dymantis
669 3341 817 3418 sanguine
840 3359 859 3396 a
876 3336 1047 3406 veterrimo,

356 3425 587 3499 Lacmoniique‚
606 3434 669 3483 tum
692 3423 843 3502 cytinus,
863 3431 894 3482 et
918 3421 1026 3482 Codrit

282 3518 349 3572 1390
359 3507 418 3583 Qui
440 3509 605 3586 Thingrum
627 3511 782 3569 habebunt
801 3517 832 3567 et
853 3527 1001 3566 cacumen
1021 3503 1174 3580 Samium,

358 3595 398 3652 Et
420 3594 618 3671 marginalem
631 3594 761 3671 pristini
783 3593 976 3670 peninsulam

358 3680 536 3756 Empandae
558 3680 680 3738 Iiducae
700 3680 862 3756 plurimum
883 3677 977 3736 invisi
999 3676 1084 3748 deae,

358 3765 460 3825 Patris
480 3765 601 3823 virosae
620 3764 815 3830 multiformis
837 3763 999 3839 seraptim,

360 3848 547 3923 Quotidiano
568 3868 646 3924 quae
668 3849 803 3908 libidinis
823 3849 908 3910 lucro
