3000 4725
747 573 898 667 Edd—

406 739 613 812 Ambrosiam,
635 738 791 799 Charitum
813 718 908 799 millla
926 740 1029 799 lundis
1050 741 1154 809 adhue
1196 796 1200 799 .

367 906 463 983 ζ(95)
626 902 795 987 Ἠράσθην.
819 905 862 973 τίς
883 904 909 968 δ’
936 905 1016 989 οὐχ).

364 989 537 1051 Comissavi
557 993 644 1051 aliea.
665 994 754 1069 quasi
775 1012 865 1053 nemo
888 995 948 1053 hoe
965 994 1079 1053 feeerit.
1101 995 1161 1054 arsi

408 1078 445 1134 In
462 1078 567 1137 furias.
591 1078 679 1153 quusi
698 1098 762 1137 non
785 1098 834 1135 me
852 1079 970 1137 furiarit
990 1080 1096 1139 Amor.
1205 1118 1206 1123 κ

364 1162 442 1224 Alea
464 1181 545 1221 nune
566 1163 647 1221 iacta
668 1171 725 1222 est.
745 1164 815 1227 oani
835 1164 966 1235 subiere,
985 1164 1108 1239 piloque
1192 1182 1194 1189 ·

408 1246 499 1305 Nune
521 1249 644 1323 sapiens
668 1257 753 1308 aetas
777 1248 926 1307 deteriore
947 1249 1038 1307 venit.

365 1330 443 1394 com
462 1334 642 1407 tempestive
662 1333 759 1405 licuit,
780 1342 842 1391 tum
863 1333 1001 1392 lusimus.
1024 1342 1056 1390 at
1075 1353 1163 1407 nunc,

408 1417 542 1493 Tempus
564 1419 616 1476 ubi
638 1426 779 1491 nonest,
800 1420 838 1475 ad
859 1417 987 1477 meliora
1008 1436 1112 1479 vocor.

367 1584 464 1662 ((96)
656 1580 815 1665 Ἠράσθης
834 1586 986 1645 πλουτῶν.

365 1670 466 1730 Dives
483 1670 634 1741 amavisti,
658 1668 840 1730 Sosierates.
865 1674 923 1729 Ast
944 1670 1036 1731 modo
1062 1689 1174 1745 pauper

407 1755 519 1814 Nullus
542 1773 636 1813 arnas.
660 1753 783 1830 Quanta
805 1765 861 1829 est,
884 1756 972 1832 proh,
996 1751 1257 1813 medicinalemesl

365 1840 454 1915 Quae
475 1849 505 1898 te
525 1838 710 1913 deliciasque
731 1860 877 1917 suumque
900 1842 1029 1899 vocabat
1049 1840 1190 1911 Adonim,

408 1923 597 2001 Menophile‚
619 1944 733 1983 nomen
753 1946 834 1983 nune
850 1933 937 2001 rogat
952 1925 1012 1982 -illa
1033 1933 1126 1983 tuum.

364 2010 455 2082 Fare,
474 2010 561 2085 quis?
579 2009 668 2068 Unde
688 2009 801 2070 domo?
821 2029 897 2086 quae
919 2028 995 2087 gens
1011 2010 1087 2067 tibi?
1110 2009 1256 2068 nnnebene

1026 2095 1109 2153 nosti

408 2179 573 2253 Antiquum
595 2180 669 2238 hoe:
690 2180 816 2256 Inopem
839 2179 940 2238 nullus
962 2198 1064 2237 amare
1088 2179 1175 2238 solet.

368 2346 465 2423 ((97)
614 2342 655 2406 ‘H
677 2342 800 2427 χαλεπὴ
822 2344 900 2408 κατὰ
919 2346 1028 2408 πάντα.

365 2434 486 2507 Aspera
508 2441 538 2489 et
558 2433 707 2507 indomita
723 2433 844 2490 feritate
867 2433 1029 2494 Philesion
1047 2433 1112 2504 illa,

409 2517 469 2574 Illa
490 2518 596 2591 ullum,
618 2517 720 2592 precio
742 2537 805 2576 non
827 2519 904 2592 sine,
924 2538 1020 2596 passa
1044 2518 1152 2590 virum,

366 2602 468 2661 Mitior
487 2603 563 2661 haee
587 2621 668 2661 nune
687 2621 758 2660 esse
777 2602 903 2662 videtur.
928 2613 959 2662 at
979 2623 1049 2663 esse
1071 2602 1168 2660 videri

409 2686 476 2745 Hee
498 2688 576 2760 leve,
598 2695 743 2744 mutatum
766 2707 822 2745 nee
843 2709 910 2747 reor
930 2689 1096 2766 ingenium.

366 2771 420 2834 sio
442 2792 518 2847 quae
539 2773 641 2831 lenitis
662 2774 850 2834 mansuescit
870 2774 1005 2833 moribus
1026 2774 1122 2849 aspis,

411 2857 487 2916 filum
510 2858 639 2930 mordet,
660 2857 756 2915 nihilo
778 2858 877 2917 secius
899 2859 953 2916 illa
978 2866 1075 2918 neeat.

368 3026 464 3104 <(99)
636 3019 738 3105 Μικκὴ
758 3024 809 3084 καὶ
832 3027 1016 3104 μεὶιανεῦσα.

366 3113 407 3172 Et
423 3119 515 3186 patna
537 3118 585 3168 est
607 3119 637 3167 et
656 3111 745 3168 fusea
763 3111 953 3171 Philaenion.
977 3115 1035 3170 Aet
1057 3130 1145 3189 mage
1167 3107 1245 3170 molle

409 3195 484 3255 Non
504 3197 618 3272 apium,
639 3212 702 3253 non
724 3204 772 3254 est
792 3196 932 3256 blandior
950 3217 1046 3273 agnus
1065 3215 1113 3256 ea.

366 3279 441 3338 Non
461 3280 537 3338 illex
557 3281 601 3338 ita
624 3287 736 3353 cestus,
759 3289 792 3338 ut
812 3282 877 3340 eius
901 3283 1002 3340 verba.
1023 3282 1135 3339 Putere

412 3365 574 3437 Omnibus,
593 3365 743 3422 interdum
764 3386 892 3443 poscere
912 3385 1015 3443 parea,
1039 3366 1126 3429 solet.

367 3450 454 3508 Haeo
476 3450 596 3526 placeat
613 3450 687 3506 mihi
708 3450 777 3509 sola
796 3451 990 3524 Philaenion‚
1012 3471 1104 3509 aurea
1126 3446 1221 3528 Cypri,

410 3533 572 3596 Suecurrat
592 3535 691 3609 potior
713 3537 809 3595 donec
831 3537 930 3594 amica
950 3533 1033 3594 mihi.

369 3702 488 3784 ((100)
661 3699 792 3785 lulum
814 3704 864 3765 καὶ
884 3703 987 3784 λαλιὴ.
1015 3667 1019 3676 ¹

365 3792 429 3851 Ars
443 3788 555 3847 lidium
574 3796 663 3863 atque
684 3789 818 3874 loquela,
834 3799 996 3870 arguteque
1015 3789 1254 3862 laminarum
