3000 4725
711 592 862 685 L

330 759 513 821 Oastauidas
534 776 689 836 proceres,
714 761 821 820 Martis
842 759 960 818 virtute·
973 767 1123 836 potentes,

329 846 370 905 lu
387 844 460 905 belli
483 844 583 903 claros
604 844 724 918 studiis,
753 865 811 922 quo
833 853 969 921 tempore
989 846 1067 904 fines
1158 867 1160 870 ·

329 930 448 1008 Anglus
470 928 651 989 Santonicos
674 929 749 988 dura
773 930 889 989 ditione
909 929 1085 1005 premebat?

330 1015 434 1075 Testis
458 1014 589 1072 Vultona
610 1033 654 1086 es,
680 1016 835 1091 refluaque
855 1012 1026 1074 Carantone
1042 1014 1183 1093 lympha,

330 1098 432 1161 Caede
455 1098 624 1159 Caledonia
645 1097 756 1159 vitreos
777 1101 889 1159 infecte
907 1099 1048 1173 liquores.

330 1182 411 1244 Hinc
432 1203 572 1261 sparsum
594 1202 689 1262 genus
713 1193 768 1245 est.
790 1189 831 1245 At
853 1202 904 1242 eos
925 1202 1034 1261 cepere
1046 1187 1233 1263 propinquis

329 1269 468 1328 Pictonis
490 1269 681 1341 mustellus,
710 1270 780 1327 hinc
800 1269 891 1327 tellus
914 1269 1052 1329 Turonis
1069 1271 1142 1344 oris,
1253 1282 1256 1286 ’

331 1354 461 1413 Turonis
484 1355 667 1429 armipotens
683 1352 838 1414 Celtarum
857 1354 957 1432 gentis
982 1354 1109 1428 ocellus,

328 1440 466 1517 Ingeniis
488 1440 618 1515 pollens,
639 1446 668 1495 et
687 1439 789 1499 divitis
812 1440 906 1497 ubere
930 1439 1047 1516 glebae.
1130 1485 1133 1491 .

330 1524 391 1583 Hic
411 1524 509 1601 prima
527 1524 657 1583 hausisti
680 1525 822 1601 genitalis
846 1524 962 1581 lumina
982 1525 1070 1598 caeli,

329 1608 401 1685 Qua
418 1617 558 1687 regnator
579 1627 676 1685 aquae
699 1628 810 1685 presso
830 1610 897 1667 fluit
918 1610 1038 1686 agmine
1061 1609 1171 1687 Crosa,

329 1695 370 1754 Et
390 1696 496 1753 turrita
513 1695 595 1754 lavat
617 1693 727 1753 Posaei
747 1695 866 1753 moenia
887 1692 998 1753 Castri.

330 1779 390 1838 Hic
411 1780 467 1839 tibi
486 1780 611 1837 faelices
634 1779 808 1838 cecinerunt
828 1780 931 1838 omina
949 1779 1076 1853 Parcae,

329 1865 370 1924 Et
392 1865 500 1924 melior
522 1864 625 1925 niveos
647 1865 785 1922 oneravit
805 1882 937 1941 purpura
956 1864 1052 1937 fusos,

329 1948 373 2009 Ut
393 1957 507 2026 quanto
528 1949 643 2025 patrias
665 1950 766 2026 patria
788 1951 863 2008 bace
885 1950 1094 2025 supereminet
1113 1952 1226 2024 moras,

331 2034 429 2092 Tanto
451 2044 483 2092 tu
504 2035 620 2093 meritis
646 2036 777 2093 anteires
802 2035 943 2093 omnibus
966 2053 1082 2095 omues.
1198 2033 1201 2040 ’

329 2119 413 2196 Ergo
435 2119 600 2177 lacessenti
627 2120 732 2193 primis
756 2120 908 2197 vagitibus
929 2137 1019 2179 auras

328 2202 444 2260 Infanti
466 2204 611 2281 ingenuos
633 2203 821 2262 instillavere
836 2205 971 2279 liquores

220 2317 222 2322 ¹
330 2285 555 2366 Castigatorum
574 2308 703 2362 morum,
727 2310 782 2367 pro
803 2290 882 2347 lacte
906 2290 1032 2367 tepenti,

330 2372 462 2434 Sanctae
482 2374 627 2445 nutrices,
651 2376 802 2433 Virtutum
826 2375 979 2434 exercitus
1002 2374 1102 2433 omnis

329 2456 416 2518 Caua
434 2459 538 2531 Fides,
558 2459 704 2534 Fideique
728 2480 813 2520 soror
836 2459 1017 2520 Constantia
1037 2460 1132 2536 virgo,

329 2543 578 2620 Temperiesqus‚
604 2551 633 2601 et
651 2545 786 2604 iustitiae
808 2546 976 2604 Prudentia
997 2553 1111 2603 custos.

328 2628 404 2687 Inde
425 2628 620 2707 Magisteriis·
634 2638 718 2689 aetas
730 2631 872 2688 ¹formata
893 2630 1028 2688 Dearum

329 2715 457 2791 Accepit
475 2714 553 2776 tales
579 2715 690 2773 exculti
711 2716 845 2792 pectoris
869 2725 986 2787 auctus,

330 2797 430 2874 Quale
451 2801 512 2864 tuis
533 2799 621 2876 ipsae
644 2801 691 2858 lac
713 2800 890 2860 immulsere
910 2801 1041 2858 labellis.

329 2883 372 2944 Ut
394 2903 471 2961 quae
493 2886 548 2944 vix
569 2886 617 2943 fas
641 2895 688 2944 est
708 2887 843 2962 partitim
868 2885 990 2962 singula
1008 2883 1160 2959 habere[‚]

327 2968 412 3027 Inte
435 2969 614 3029 coniunctim
634 2972 771 3042 fluerent,
794 2990 912 3045 unoque
933 2977 1057 3046 recepta

328 3053 458 3114 Pectore
480 3056 623 3113 virtutum
644 3056 776 3132 collegia
795 3057 890 3114 mixta
912 3057 1036 3113 coirent.

328 3137 410 3196 Nam
433 3140 513 3217 quod
533 3141 640 3217 vulgus
660 3142 753 3212 iners,
776 3148 806 3198 et
830 3141 928 3198 adbuc
946 3139 1074 3199 rationis
1096 3157 1224 3216 egenum

327 3221 380 3281 Nil
405 3232 492 3300 putat
512 3244 582 3284 esse
604 3226 668 3283 iero
691 3224 811 3284 blandis
832 3242 900 3283 cum
922 3227 1020 3284 Marte
1041 3221 1197 3296 Camenis,

329 3307 377 3366 Tu
399 3327 466 3366 cum
488 3311 585 3368 Marte
607 3311 674 3368 fero
698 3311 881 3369 commercia
903 3311 1016 3369 blanda
1035 3328 1172 3369 sororum

327 3393 412 3452 Inter
435 3413 469 3452 se
490 3394 612 3472 placida
633 3395 898 3472 consanguinitate
920 3396 1041 3473 ingesti,

329 3479 496 3550 Musarum,
518 3479 564 3537 vir
585 3499 705 3557 magne,
729 3480 826 3557 prior,
852 3481 965 3539 belline
987 3481 1126 3540 laborum

329 3562 498 3635 Laudibus,
521 3567 709 3643 ambiguum:
734 3565 789 3628 sed
812 3574 892 3624 certe
914 3583 1043 3642 maguus
1066 3573 1205 3639 utroque.

327 3646 395 3707 Nec
416 3657 446 3707 te
469 3648 624 3708 Nobilitas
647 3658 750 3709 custos
774 3651 884 3709 erroris
907 3651 981 3709 aviti

328 3733 439 3792 Traxit
457 3733 489 3791 in
513 3735 699 3812 exemplum,
723 3736 802 3813 legis
824 3753 902 3810 quae
925 3735 1014 3794 vertit
1032 3735 1065 3792 in
1086 3752 1176 3793 usum

327 3817 382 3878 Nil
406 3819 495 3892 sebe,
523 3829 553 3877 et
573 3820 699 3880 rudibus
723 3820 928 3881 transmittere
946 3819 1078 3880 cultibus
1101 3812 1218 3877 aevum.
