3000 4725
756 565 907 659 -u—es*

307 733 358 787 1⁰⁰
373 738 469 797 Pinus
492 747 614 794 tenaces
636 733 744 793 lubrici
764 735 871 795 dentes
890 735 971 805 freti,

373 821 513 882 Classem
534 818 689 895 expedibis
713 820 881 879 noviratcm
902 840 921 879 a
943 820 1114 892 iactatibus,

371 907 414 967 Et
431 914 463 964 tu
484 906 605 964 virosae
623 905 740 981 praedo
761 905 869 965 iunicis
893 905 983 982 lupus

374 992 476 1053 Orbae
500 991 625 1048 duarum
641 990 703 1047 iam
728 990 935 1049 columbarum
953 989 1032 1066 pari,

374 1075 481 1136 Cassis
504 1075 683 1153 Peregrinae
705 1074 737 1132 in
762 1076 925 1135 secundam
947 1074 1120 1152 indaginem

307 1162 357 1217 105
375 1162 463 1221 Ultro
485 1160 646 1219 incidentis
668 1161 793 1235 aucupis
819 1180 938 1236 pennae
959 1160 1039 1232 dolo,

372 1246 493 1324 Dapem
517 1244 721 1304 ambidentum
743 1264 839 1321 nuper
859 1246 892 1303 in
910 1244 1062 1320 crepidine

373 1330 503 1391 Bacchis
523 1330 683 1389 cremantis
708 1336 797 1405 atque
819 1330 908 1389 divae
928 1331 1096 1401 Albuneae,

374 1416 485 1477 curres
507 1434 599 1492 super
620 1413 791 1474 Scandeam
813 1422 844 1472 et
865 1434 952 1475 arces
973 1415 1086 1494 Aegili,

373 1502 509 1561 Venator
536 1519 605 1557 acer
623 1499 738 1575 praeda
760 1500 863 1575 opima
881 1501 1047 1579 ganniens:

307 1588 357 1641 110
373 1586 570 1662 Explensque
592 1604 713 1643 amores
736 1584 767 1642 in
787 1584 941 1645 Draconis
962 1585 1064 1645 insula

373 1674 480 1743 Actae,
500 1670 635 1728 biformis
658 1670 730 1727 editi
750 1678 831 1727 terra
851 1671 971 1747 imperi,

373 1756 492 1813 Vanam
514 1753 645 1814 secundo
670 1775 733 1813 non
758 1755 874 1815 videbis
897 1757 1050 1827 Murtism,

374 1840 522 1900 Ulnarum
542 1840 664 1898 inanem
687 1840 850 1913 sarcinam,
873 1860 950 1917 eque
967 1841 1095 1900 somniis

373 1926 478 1983 Vacua
498 1933 599 1983 torum
622 1931 789 1983 nocturnus
811 1926 978 2004 explorans
1001 1944 1102 1983 manu.

307 2016 357 2070 115
375 2010 455 2070 Nam
476 2018 507 2067 te
527 2009 717 2087 Phlegraeae
737 2010 799 2067 iam
825 2012 950 2070 maritus
975 2010 1113 2088 coniugis

374 2094 486 2154 Tristis
508 2094 658 2168 Toronae,
680 2094 838 2154 abdicator
857 2096 972 2155 denum

373 2182 414 2239 Et
433 2180 646 2252 lacrumarum,
667 2199 797 2255 namque
816 2182 924 2254 nescit,
948 2189 978 2239 et
1000 2191 1081 2239 caret

374 2265 523 2341 Utroque,
545 2265 596 2339 qui
621 2264 693 2322 olim
716 2264 881 2323 littoralem
905 2286 944 2323 ex
965 2266 1096 2324 Thracia

374 2348 509 2410 Fecundi
530 2348 693 2426 opimatam
715 2350 848 2410 Melonis
870 2352 1009 2412 fluctibus

307 2439 358 2495 ¹20
376 2433 508 2493 Humum
530 2443 694 2512 penetrans
714 2455 777 2495 non
797 2438 884 2495 trabe
907 2438 1043 2497 stlataria

375 2520 562 2596 Inhospitale
586 2520 640 2580 sed
660 2522 727 2593 iter,
748 2528 782 2578 ut
801 2522 912 2581 cubilia
970 2523 976 2532 '

375 2606 489 2664 Terrae
514 2605 544 2663 in
567 2606 735 2682 profundos
757 2606 842 2683 talpa
863 2607 1048 2683 pertundens
1074 2625 1198 2684 specus,

376 2692 534 2767 Quaerens
559 2709 699 2750 recessus
722 2691 756 2748 in
778 2693 916 2751 cavernis
936 2711 1110 2767 aequorum,

375 2775 554 2853 (lavansque
577 2784 668 2835 natos
690 2775 864 2853 perduelles
889 2777 1050 2853 hospitum,

307 2869 357 2924 125
375 2862 415 2920 Et
433 2860 599 2920 audiendas
623 2861 799 2938 supplicans
822 2862 902 2938 patri
919 2881 1025 2939 preces

372 2946 482 3005 Redux
504 2953 537 3004 ut
559 2947 616 3004 iret
640 2947 780 3022 patriam,
803 2947 883 3004 unde
906 2966 1056 3025 pervagus

373 3033 500 3090 Matrem
522 3032 677 3109 gigantum
701 3031 838 3089 adiverat
858 3032 1043 3090 Palleniam:

373 3116 449 3175 Tete
471 3115 523 3174 ille
545 3115 670 3175 Guneus
697 3127 840 3191 quaestor
860 3137 954 3175 urnae
976 3117 1118 3192 vindicis,

375 3199 500 3279 Sagacis
524 3202 694 3276 arbiterque
715 3200 798 3261 Solis
820 3201 902 3260 filiae

307 3291 357 3344 130
375 3285 434 3344 His
454 3287 567 3363 nuptiis
587 3286 720 3363 privabit
739 3286 867 3345 incilans
889 3287 1020 3363 probris,

373 3369 497 3428 Pellens
519 3371 556 3430 ab
579 3371 661 3430 omni
680 3371 744 3429 iure
769 3372 916 3447 prosedae
938 3371 1038 3448 lupae.

339 3501 341 3512 .
374 3453 433 3526 Qui
456 3473 512 3513 nec
535 3456 610 3531 Lyci
632 3456 774 3532 sepulcra
792 3476 848 3516 uec
871 3455 1043 3516 Chimaerei

375 3539 575 3599 Oraculorum
598 3537 672 3599 voce
694 3552 875 3601 venerantes
897 3541 1020 3613 timens,

374 3623 441 3683 Nec
462 3624 623 3683 illecebras
645 3627 769 3700 Anthei,
791 3647 847 3686 nec
869 3627 1023 3704 hospitum

306 3717 357 3774 135
373 3709 496 3787 Dapum
519 3709 666 3784 sodalem,
687 3711 782 3768 filium
808 3711 915 3784 Consi,
935 3711 1041 3784 salem,

374 3794 475 3854 Derim
498 3794 594 3855 tulisti
615 3796 768 3854 transilire
791 3797 940 3875 sagmina,
