3000 4725
753 632 905 728 „Q-

456 795 578 881 Μοῖραν
602 796 824 874 ὑποπτεόοντα,
848 797 916 883 βίου
938 795 1094 880 θέλγητρα
1116 796 1269 881 προέσθαι

371 877 408 944 Ε.
452 879 648 966 Ἀμφίβολον
671 881 722 944 διὰ
743 886 870 965 πρᾶγμα
889 883 1117 967 χολωσάμενος
1139 883 1181 965 μὴ
1199 879 1277 965 ἔριί.

457 963 564 1048 Θυμδς
587 966 772 1049 ἐπιπροσθεῖ
792 972 836 1051 τῷ
858 968 904 1051 νῷ
926 970 980 1028 τοῦ
992 966 1019 1027 τ’
1039 966 1167 1049 ἀτρεκὲς
1177 966 1279 1049 ἀθρεῖν.
1321 1034 1322 1041 γ

373 1072 400 1119 ς.
455 1048 573 1113 Αὐτίκα
591 1051 628 1133 δὴ
645 1051 834 1134 δαπάνησον,
851 1051 923 1113 ὅταν
939 1050 977 1113 τὰ
989 1050 1143 1134 πράγματ’
1166 1048 1279 1133 ἀπαιτῇ.

460 1133 519 1196 Δεῖ
537 1132 616 1197 κατὰ
638 1137 672 1197 τὸ
690 1141 806 1219 χρεῖος,
828 1137 881 1198 καὶ
902 1137 953 1198 τὸν
975 1135 1081 1217 καιρόν
1095 1159 1124 1197 τι
1135 1140 1280 1219 χορηγεῖν.

373 1213 409 1278 Ζ.
459 1214 523 1281 Τοῦ
534 1219 588 1301 μέν
597 1218 672 1301 ἄγαν
685 1219 816 1303 ἀπέχου.
827 1216 895 1282 Τῶν
905 1217 934 1280 δ’
945 1217 984 1281 αὖ
995 1219 1126 1302 μετρίων
1139 1220 1280 1303 ἐπιθόμει

458 1299 510 1364 Ἐν
536 1302 617 1387 βαιῷ
634 1309 768 1388 ποταμῷ
787 1304 845 1386 γὰρ
869 1303 1110 1385 ἀκινδυνιότερος
1133 1305 1150 1366 ὁ
1177 1305 1273 1371 πλοῦς.

371 1381 414 1449 Η.
451 1383 512 1449 Ὧν
536 1388 633 1455 αἰδώς
655 1387 685 1449 σ’
701 1389 793 1471 αἱρεῖ,
813 1389 889 1451 τάδε
913 1388 953 1470 μὴ
976 1388 1127 1449 κοίνωσον
1151 1388 1282 1471 ἑταίροις,

459 1468 511 1553 Μὴ
525 1470 656 1539 πλέονες
667 1471 861 1556 μέμφωνται,
871 1472 946 1555 ὅπερ
960 1469 1045 1556 μόνῳ
1058 1470 1094 1533 οό
1103 1494 1153 1535 σοι
1162 1472 1281 1556 ἀρέσκει.

375 1554 412 1619 Θ.
461 1552 541 1622 Τοδς
562 1556 705 1639 ἀλιτροθς
724 1556 766 1639 μὴ
791 1554 858 1619 οἴου
884 1557 1090 1637 ἀλιτροσυνῶν
1107 1579 1135 1617 τι
1153 1556 1282 1619 ὄνασθαι

460 1637 643 1722 Πταίσματα
659 1645 703 1725 τῷ
717 1664 750 1702 τε
764 1639 869 1725 χρόνῳ
888 1640 1048 1743 ἐλάθοντο,
1056 1639 1164 1725 χρόνῳ
1178 1641 1208 1702 τ’
1224 1640 1282 1723 ἐφάι

375 1721 398 1785 l.
458 1721 647 1787 Ἠπεδανοῖο
665 1725 745 1809 φυὴν
760 1726 801 1808 μὴ
818 1726 985 1807 σωματίοιο
1001 1728 1118 1795 κακιίε.
1177 1730 1283 1808 [νηοον.

463 1808 674 1892 Φραδμοσόνη
687 1808 892 1894 προβέβηκεν,
902 1810 964 1893 ότῳ
973 1808 1062 1893 φύσις
1076 1810 1133 1873 οὐκ
1146 1808 1283 1893 ἔπορ’ἀλ-

989 1916 1055 1955 κν.

376 1975 431 2040 ΙΑ.
454 1973 514 2039 Ὃν
529 1981 583 2039 σεδ
602 1975 743 2039 ἀκιδνότε
765 1999 798 2039 ον
817 1976 925 2054 νοέεις,
943 1918 1030 2062 τῷδζ
1051 1976 1108 2039 είκ’
1127 1977 1173 2039 ἐνὶ
1188 1979 1282 2059 καιρῷ,

463 2059 608 2145 Πολλοίχ’
632 2064 647 2124 ό
672 2001 808 2144 νικηθείς
827 2062 878 2123 τὸν
901 2062 1066 2144 νικήσαντα
1088 2062 1236 2145 κράτησε.

377 2142 430 2208 ῙΒ.
456 2140 647 2229 Ἃψιμάχοις
669 2144 793 2207 ἐπέεσσι
818 2146 858 2228 μὴ
882 2145 1082 2229 ἀντιλόγησον
1105 2147 1232 2231 ἑταίρῳ.

461 2225 512 2296 ἘΕ
536 2230 647 2310 ὀλίγων
673 2228 779 2311 μόθων
806 2230 923 2313 μεγάλη
942 2231 1017 2293 ποτὲ
1040 2232 1127 2313 δῆρις
1154 2231 1269 2313 ὀρώρει.

378 2310 426 2376 ΙΓ.
463 2309 579 2398 Κλήρῳ
601 2313 787 2396 ἐρευνᾶσθαι
810 2315 840 2377 τί
857 2315 930 2382 θεὸς
947 2315 1120 2398 τεκμαίρετ’
1147 2314 1268 2378 ἀλεόου.

455 2392 543 2459 Ὅττι
563 2396 621 2480 γὰρ
646 2397 679 2465 ὃς
701 2401 771 2482 περὶ
792 2403 848 2461 σοῦ
867 2399 996 2476 τελέσει,
1014 2399 1066 2462 σέο
1079 2400 1180 2484 χωρὶς
1194 2399 1281 2484 ὁρίζει

377 2479 428 2545 ΙΔ.
464 2483 519 2564 Μὴ
543 2481 659 2565 φθόνον
685 2483 719 2544 ἐκ
742 2485 872 2566 κομιδῆς
887 2484 1050 2568 περιέργου
1070 2486 1282 2568 συιπεριοίψης,

460 2565 516 2634 Ὡς
529 2567 584 2649 κῆν
597 2566 638 2648 μὴ
653 2568 759 2652 βλάψῃ
776 2569 813 2645 τί,
823 2569 927 2653 φέρειν
940 2570 975 2650 γὲ
985 2567 1038 2650 μέν
1049 2567 1130 2630 ἐστιν
1148 2567 1282 2652 ἐπαχθής.

378 2647 428 2717 ΙΕ.
461 2647 712 2734 Καρτεροθόμως
737 2654 860 2736 πλῆσον,
882 2653 934 2715 ἐάν
959 2653 1073 2721 ἀδίκως
1094 2651 1282 2736 κατακριθῷς·

465 2733 510 2798 Οὐ
535 2735 590 2819 δὴν
611 2735 782 2819 γαυριόωσι
804 2741 891 2820 κριπῷ
910 2741 1051 2804 νικῶντες
1073 2737 1216 2822 ἀδέσμῳ.

379 2819 423 2892 lc.
463 2821 518 2902 Μὴ
537 2822 590 2902 τὴν
612 2822 768 2904 λοιδορίην
793 2821 895 2904 ἔριδος
915 2821 1083 2905 προένεγκε
1103 2825 1245 2888 παλαιᾶς.

464 2905 694 2988 Μεμνῆσθαιδέ
702 2904 1093 2990 κότοιο,κακόφρονόςέστι,
1102 2905 1165 2987 μετ’
1173 2904 1281 2990 ἔχθραν.
1295 2975 1298 2984 .

378 2989 428 3055 lZ.
461 2988 515 3073 Μὴ
539 2989 572 3052 τέ
598 2989 625 3050 α’
650 2990 842 3066 ἐπαίνεσσον,
868 2992 940 3074 μήτ’
966 2988 1158 3074 αὖθιςψέξον
1175 2983 1280 3051 ἑαυτόν.

464 3071 563 3138 Τοῦτο
577 3077 654 3158 πρδς
664 3074 843 3158 ἀφραδέων,
855 3074 1116 3158 υδςοίστρεῖδόξα
1125 3073 1280 3158 κενόφρων.

379 3157 432 3222 lH.
465 3159 583 3222 Φείδου
592 3163 652 3220 τῶν
660 3161 808 3238 κτεάνων,
822 3161 967 3222 δαπανῶν
976 3159 1021 3222 ότι
1034 3159 1156 3241 πλῆθος
1169 3155 1280 3240 ἐπιρρεῖ

460 3241 514 3306 Ἐν
539 3247 649 3328 μακρῷ
669 3244 702 3306 τὸ
724 3243 883 3326 πορισθὲν,
907 3245 1021 3315 όλίίονι
1042 3243 1074 3304 ἐν
1087 3243 1191 3328 χρόνῳ
1204 3240 1280 3325 ἔρρει.

380 3325 431 3390 ΙΘ.
457 3327 588 3412 Ἀφρων
598 3328 694 3410 γίνου,
704 3327 817 3390 όταντό
827 3328 1009 3411 τεπράγμ’ό
1017 3351 1049 3390 τε
1058 3325 1281 3410 καιρδςάπαιτῇ.

373 3457 377 3466 -
462 3411 660 3495 Ἀφροσόνης
683 3411 839 3495 ἐπίκαιρος
864 3411 1029 3496 ὑπόκρισις,
1050 3412 1116 3474 ἐστὶ
1140 3409 1281 3495 φρόνησις·

373 3492 420 3558 .K.
461 3495 667 3579 Ἀμφότερον,
680 3497 731 3560 καὶ
748 3495 961 3580 σμικρολόγος,
976 3499 1026 3558 καὶ
1040 3493 1162 3562 ἀσωτος
1174 3493 1280 3557 ἀκοόειν

374 3627 378 3636 .
466 3579 581 3662 Φεῦγε.
604 3581 674 3644 τάδ’
699 3579 794 3664 ἄμφω
820 3583 905 3665 όμῶς
925 3580 1048 3664 εδδοὲίη
1072 3576 1273 3643 ἀντιπέπονθε

380 3662 449 3728 ΚΑ.
466 3661 518 3744 Μὴ
538 3665 700 3727 πίστευσον
724 3666 773 3727 ἀεὶ
796 3665 841 3750 τῷ
863 3664 1088 3746 ἀπαγγέλλοντί
1108 3685 1157 3726 σοι
1178 3662 1255 3725 ἀττα.

467 3747 525 3811 Δεῖ
543 3748 601 3831 γὰρ
621 3751 773 3812 πιστεύειν
799 3750 900 3831 ὀλίγον
924 3752 988 3817 τοῖς
1007 3749 1111 3812 πολλὰ
1134 3749 1264 3810 λαλοῦσι

278 3879 280 3882 >
381 3831 449 3897 KB.
461 3831 516 3896 Ἤν
531 3855 558 3894 τι
578 3831 660 3916 μέθη
684 3835 824 3918 πταίσης,
851 3833 937 3896 οότοι
961 3833 1141 3916 σό[γ]γνωθι
1164 3829 1278 3910 σεαυτῷ.
