3000 4725
685 636 722 695 ³1

249 804 313 863 Nec
335 804 401 861 ulla
419 804 511 863 surdo
535 805 653 881 plectra
672 806 822 865 movimus
847 804 979 865 Phoebo.

248 894 287 949 At
307 908 390 947 nunc
410 889 520 948 doloso
542 891 664 948 flamma
681 892 791 950 Martis
812 890 913 949 insani

249 974 407 1051 Supposta
429 975 533 1045 cineri,
555 994 703 1051 quamque
722 976 809 1052 pacis
834 983 971 1034 armatae
1081 1034 1084 1040 ,

248 1060 357 1118 Fallax
380 1058 481 1117 alebat
503 1059 614 1133 vultus,
634 1069 667 1118 ut
686 1062 773 1137 prius
797 1060 897 1119 stultis

249 1144 326 1221 Spes
350 1144 532 1221 suggerebat
555 1142 658 1204 Suada
676 1145 815 1224 credulas
838 1143 948 1219 Gallis,

247 1228 447 1289 Exsuscitate
466 1230 560 1288 fulsit.
582 1230 666 1288 ilicet
684 1248 826 1309 maguam

248 1313 378 1391 luopina
398 1314 513 1373 cunctis
532 1316 657 1373 urbibus
679 1316 764 1373 dedit
784 1324 926 1392 stragem.

165 1394 167 1399 ’
247 1399 336 1459 Unde
360 1398 551 1457 administrat
574 1418 666 1459 saeva
689 1400 822 1477 Erinnys
846 1400 987 1457 ardentes

248 1483 458 1541 lucendiorum
483 1484 577 1541 civico
594 1485 678 1543 faces
701 1485 793 1543 bello.

248 1568 348 1642 Quare
371 1577 453 1626 metu
474 1568 620 1641 deiectus,
641 1570 757 1628 obsitus
780 1570 872 1643 luctu,

248 1645 383 1725 Atratus,
406 1672 531 1729 exspes,
550 1655 581 1711 in
605 1662 688 1712 tuum
712 1655 812 1713 sinum
832 1653 897 1730 fugi

250 1738 414 1814 [Genev]a‚
439 1758 516 1813 quae
540 1757 587 1795 me
609 1740 727 1815 patriae
751 1738 872 1797 exulem
896 1746 994 1795 terrae

249 1824 367 1883 Blanda
386 1832 475 1899 atque
498 1824 596 1883 amica
617 1825 741 1882 caritate
766 1823 876 1881 fovisti.

247 1908 326 1986 Ergo
350 1907 404 1965 ille
424 1908 540 1983 primus
563 1908 661 1983 ardor,
685 1909 737 1967 ille
759 1916 906 1987 cognatus

247 1993 339 2051 Nitor
358 1992 509 2051 obsolevit
529 1994 639 2051 mentis
662 1994 700 2050 ad
722 2002 821 2052 metus
843 1992 924 2065 illos,

247 2078 386 2149 Melisse‚
410 2077 508 2153 qualis
530 2078 569 2135 ad
593 2076 758 2137 Caniculae
774 2080 874 2136 tabem

249 2163 358 2223 Omnis
379 2162 450 2221 silet
469 2164 544 2233 flos3
565 2172 596 2221 et
617 2171 719 2222 tumen
742 2165 802 2221 tuis
827 2162 947 2239 scriptis

248 2249 336 2306 Vires
358 2247 484 2325 recepit,
508 2248 605 2323 qualis
625 2249 772 2309 imbribus
796 2249 873 2307 seris

249 2332 345 2412 Seges
367 2332 486 2392 renidet
507 2352 612 2412 aegra:
636 2353 713 2411 quae
735 2335 786 2393 diu
805 2333 954 2416 languens

248 2419 375 2478 Frustra
395 2418 498 2477 coloni
522 2437 609 2495 spem
631 2421 751 2498 sagacis
775 2420 875 2478 elusit.

249 2503 334 2577 Quod
354 2504 450 2578 siquis
473 2502 552 2562 ullas
577 2505 675 2564 fomes
698 2506 779 2564 ullus
802 2506 833 2562 in
857 2503 946 2562 nobis

249 2589 379 2647 Resides
400 2587 511 2665 sepulti
530 2589 608 2647 celat
624 2591 738 2668 ingenii
762 2591 916 2660 flammas3

250 2674 357 2732 Totum
378 2674 437 2732 hoc
459 2673 513 2732 tibi
536 2675 630 2748 ardet,
650 2676 708 2735 hoc
730 2675 784 2733 tibi
805 2674 975 2733 reviviscit:

250 2759 358 2817 Totum
379 2759 438 2816 hoc
460 2760 573 2818 amoris
595 2778 669 2818 aura
691 2760 819 2822 ventilat
841 2759 943 2818 vestri.

598 2929 647 2986 30.
693 2931 807 2987 Eidem.

251 3010 367 3084 Paullo,
389 3019 547 3087 poetarum
565 3014 612 3070 cui
632 3014 729 3072 doctis
752 3013 910 3073 frondibus
933 3015 1063 3072 haerens

291 3094 394 3155 cinxit
414 3097 589 3154 honoratum
611 3099 717 3157 laurea
740 3108 822 3158 serta
845 3107 943 3176 caput,

252 3178 330 3253 Quid
349 3180 437 3253 facis,
462 3203 480 3240 o
502 3183 608 3241 vates?
629 3184 737 3259 quibus
761 3184 859 3262 exigis
881 3184 942 3242 otia
965 3183 1084 3243 musis?

291 3267 352 3324 Aut
370 3266 479 3342 quibus
500 3267 532 3324 in
557 3269 664 3328 studiis
688 3269 804 3327 fallitur
824 3270 897 3327 hora
918 3268 994 3328 tibi?

252 3351 308 3423 An,
329 3358 450 3409 teneras
472 3351 607 3412 mulcens
628 3353 751 3428 liquidis
775 3354 948 3412 accentibus
972 3375 1072 3428 auras,

291 3436 409 3494 Musica
429 3456 488 3494 non
509 3457 568 3494 uno
590 3437 700 3498 dividis
724 3458 797 3498 orsa
821 3446 908 3510 tono;

254 3518 291 3578 Ut
308 3527 337 3578 te
358 3521 483 3578 miretur
504 3522 710 3581 modulantem
731 3524 858 3600 lympha
879 3523 1011 3582 Deorum

290 3604 427 3679 Rhenus,
445 3615 474 3664 et
494 3608 651 3667 exsultans
674 3609 770 3666 altera
789 3610 922 3685 nympha
941 3608 1055 3666 Nicer?

252 3691 337 3748 Anne
357 3690 551 3751 Palaestinas
574 3713 738 3753 numeroso
761 3693 893 3752 carmine
915 3711 1018 3753 musas

292 3773 417 3834 Solvere
440 3777 616 3838 Teutonicis
636 3797 688 3837 ora
709 3779 824 3836 diserta
844 3779 943 3838 modis

253 3857 411 3920 Instituis?
432 3861 520 3921 Felix
538 3862 642 3936 animi,
664 3863 802 3938 vitaeque
826 3865 943 3938 beatae,
