3000 4725
637 610 789 703 ..aa

263 772 346 834 llndo
369 778 526 853 procinctu
548 780 703 839 cernentia
720 796 798 855 quae
820 779 942 855 agmina
961 778 1044 837 ferro

262 856 300 917 Et
320 860 413 920 rixam
437 862 497 923 luis
518 861 671 925 alterutris
694 883 734 923 ex
757 856 888 941 partibu’
910 881 1040 941 pugnae,
1139 877 1159 917 .·

262 942 296 1002 lu
318 945 399 1006 bello
420 966 559 1020 cernens,
581 957 614 1006 ut
636 949 703 1024 quis
725 947 905 1025 palmarium
927 946 1064 1023 adeptus,

262 1024 334 1101 Quis
358 1038 389 1091 tu
411 1051 535 1108 cumque
557 1032 663 1093 lavans
687 1041 823 1109 praestas
847 1032 1024 1093 dulcissima
1045 1041 1127 1095 rou.

263 1112 370 1173 Omnia
389 1137 458 1177 nam
480 1118 644 1193 moderere,
665 1126 696 1177 et
717 1119 840 1197 grandis
863 1117 976 1177 adorea
995 1117 1068 1179 belli

262 1197 338 1269 Tota
362 1221 401 1261 ex
423 1211 453 1261 te
476 1203 599 1280 pendet,
621 1204 710 1264 laetis
732 1203 929 1263 titulantibus
947 1221 1072 1281 augens.

261 1280 357 1355 Quare
376 1289 435 1345 huc
457 1288 500 1347 sis
523 1289 644 1361 venias,
664 1289 798 1366 cupienti
819 1288 881 1347 Dia
899 1287 1044 1361 Dearum,

261 1364 385 1447 Semper
406 1372 563 1450 praeclaro
586 1374 715 1451 iungens
741 1374 828 1449 operi
848 1374 969 1451 agmina
990 1372 1122 1433 laudum.

497 1542 628 1617 Apollini
648 1544 789 1617 suffimen,
811 1560 928 1599 mana.
1132 1543 1172 1603 33

260 1620 373 1682 Februa
398 1634 427 1683 te
448 1626 572 1685 luturne
593 1646 713 1705 precor,
733 1626 894 1698 Tituicida,
914 1626 1062 1701 Luperca,

262 1706 484 1788 OMempbita,
505 1713 646 1784 verende,
668 1712 816 1783 salutifer,
837 1710 916 1769 altor
938 1711 1099 1784 honorum,

262 1791 429 1869 onumen,
454 1794 588 1857 Consiua
609 1814 729 1873 parens,
753 1795 874 1885 Titpne,
898 1794 1039 1873 Segeste,
1119 1805 1124 1822 “

260 1874 428 1939 Soriculete
449 1890 544 1958 pater,
566 1881 721 1953 Vaticana,
734 1880 939 1954 'excetricida,

260 1960 388 2039 Lucifer,
409 1966 552 2043 agrestis,
573 1986 628 2025 rex
647 1966 790 2038 mustule,
809 1961 913 2023 nobili'
936 1965 1043 2041 pubes,

259 2044 396 2123 Praesul,
418 2048 656 2125 Oasmoenisque
678 2050 837 2128 sagittifer,
863 2049 1106 2125 arcitenensque,

259 2130 366 2195 Bruma
391 2144 487 2211 pater,
510 2136 749 2211 collimatorque,
775 2135 898 2208 obstite‚
919 2134 1059 2213 gemelle,

257 2212 347 2291 Delie
367 2240 436 2293 rex,
459 2221 510 2296 qui
533 2222 682 2282 illustrem
704 2221 800 2279 aciem
821 2221 878 2278 huc
897 2220 1020 2297 partiris
1040 2227 1071 2278 et
1089 2218 1173 2292 illuc,

260 2305 427 2380 Auricomc,
450 2307 567 2385 integra
588 2314 748 2383 praecepta
768 2314 856 2381 atque
876 2305 998 2366 oracula
1018 2304 1134 2366 latenas

259 2387 317 2450 Pro
339 2392 456 2470 populo
480 2401 616 2452 orantem
639 2411 687 2450 me
711 2387 829 2450 coelitu'
849 2392 915 2451 vise
935 2410 1112 2469 parumper:

258 2471 335 2534 Nem
358 2497 464 2538 susum
488 2478 601 2554 aspicis
623 2477 819 2536 immoderata
841 2478 915 2534 haec
937 2495 1066 2551 aequora
1085 2475 1174 2549 caeli,

259 2559 297 2618 Et
318 2581 428 2639 supera
451 2571 545 2622 terras
566 2571 596 2620 et
616 2570 736 2621 noctem
759 2563 862 2621 subter
885 2579 1021 2637 opacam,

259 2643 353 2706 Nocte
377 2647 498 2720 silente,
524 2649 579 2716 sub
603 2648 727 2706 umbrae
746 2646 992 2724 signitenentibu’
1013 2645 1154 2704 flammis.

259 2728 390 2791 Radices
414 2733 547 2792 statuisti
569 2732 663 2790 infra:
685 2731 800 2807 tibique
821 2731 932 2788 extima
952 2730 1056 2791 mundi

259 2814 297 2879 Et
317 2817 373 2876 tibi
395 2817 588 2895 principium,
609 2817 665 2877 tibi
687 2815 816 2876 solvitur
839 2815 938 2874 exitus
960 2814 1074 2874 omnis:

259 2901 464 2976 Omnivireus,
487 2903 596 2962 fidibus
620 2909 652 2959 tu
674 2900 791 2960 coelica
812 2899 925 2977 templa
946 2900 1066 2961 canoris

261 2983 490 3046 Permoderaris
513 2987 551 3045 ad
573 2987 652 3044 imae
674 3005 754 3044 nuno
776 2985 908 3044 confinia
928 2984 1022 3057 sedis,

259 3068 348 3130 Nunc
363 3071 401 3130 ad
414 3073 541 3150 primam
556 3073 676 3144 iterum,
688 3090 769 3130 nunc
783 3072 821 3128 ad
838 3069 1043 3129 modulamina
1054 3068 1154 3128 Darii.

261 3153 383 3216 Ocelum
406 3177 525 3218 omnem
548 3156 679 3229 varians,
705 3157 804 3216 varias
827 3153 991 3214 animantia
1016 3153 1108 3227 secla,

260 3239 432 3320 Temperiis
454 3243 610 3314 hominum
630 3241 799 3314 moderans,
821 3240 966 3316 aequalia
980 3240 1052 3312 lata,

260 3325 451 3392 Tantundem
473 3328 605 3388 miscens
628 3327 798 3402 hiemisque
821 3334 912 3402 atque
925 3325 1040 3384 aestuis
1053 3323 1175 3398 lisdem,

260 3409 448 3474 Discernens
470 3413 578 3490 primis
602 3413 741 3484 hiemem,
763 3410 957 3470 inferioribus
978 3416 1093 3482 aestus,

261 3499 301 3553 At
326 3497 406 3556 veria
430 3499 506 3575 grati
530 3498 663 3574 speciem
683 3495 883 3557 modulamine
904 3494 1003 3554 Darii.

261 3579 349 3642 Unde
373 3582 509 3644 homines
527 3582 578 3644 ted
598 3582 758 3660 indigitant
777 3581 957 3661 cognomine
975 3599 1047 3640 vero

260 3665 398 3725 Faunum
420 3669 618 3746 cornigerum,
647 3673 805 3728 ventorum
827 3666 917 3726 sibila
938 3665 1091 3723 hiantemr

261 3749 351 3826 Quod
373 3754 475 3830 magni
498 3753 597 3814 omnis
618 3751 713 3812 habes
736 3750 893 3829 signacula
914 3749 1044 3809 &adala
1063 3745 1176 3810 muudi,

261 3835 331 3896 Huc
354 3838 446 3898 adeas
470 3839 541 3896 here
561 3837 732 3897 flaminibus
755 3854 814 3913 pro
836 3835 974 3914 supplice
992 3840 1072 3893 voto.

907 3929 973 3991 ²5·
