3000 4725
612 612 764 708 —79—

242 783 278 840 At
296 781 490 857 quodcunque
510 779 577 852 tuit,
599 783 626 841 si
647 758 728 857 cuod
749 782 816 857 fuit,
834 801 924 841 omne
945 780 1060 840 doloris

244 864 381 927 Sordibus
404 864 550 937 obsoluit,
573 886 670 942 neque
691 868 754 925 iam
775 867 988 943 splendescere
1010 863 1092 925 cultu

244 949 369 1011 Sustinet
390 949 558 1027 ingenium,
582 951 693 1027 duplici
715 953 797 1027 quod
821 952 927 1009 funere
946 952 1061 1011 sensim

243 1035 342 1093 Efferri
361 1034 528 1095 sentimus:
553 1035 646 1095 hebes
667 1056 737 1095 nam
758 1037 890 1095 luctibus
913 1037 984 1094 binc
1005 1047 1061 1109 est,

242 1119 314 1179 Hinc
335 1121 435 1196 ipsum
458 1118 581 1196 frangit,
603 1140 680 1196 quae
700 1122 815 1200 frangit
827 1129 945 1193 cuncta,
968 1130 1124 1181 senectust

242 1204 278 1265 Ut
296 1204 448 1281 quondam
472 1204 558 1265 senio
582 1206 689 1264 rimam
713 1208 844 1265 faciente
867 1205 996 1265 dehiscit

241 1291 300 1347 lam
322 1289 421 1367 putris
442 1289 559 1365 paries:
584 1292 708 1368 proprio
730 1312 804 1351 mox
824 1290 960 1369 pondere
980 1298 1108 1349 tractum

241 1374 274 1433 In
293 1374 477 1451 proclinatas
501 1384 695 1449 prosternunt
715 1378 839 1436 flamina
861 1383 974 1453 partes.

244 1458 358 1519 Scilicet
384 1458 532 1535 exequias
554 1468 657 1521 vestro
680 1462 724 1519 sio
746 1463 791 1520 ire
811 1460 928 1536 parenti

242 1544 303 1602 Hac
323 1564 381 1622 ope
406 1543 549 1618 nitentes,
573 1546 630 1603 buc
652 1546 749 1605 cultos
774 1555 875 1604 mente
897 1543 1032 1602 iubetis?

240 1628 373 1704 Namque
398 1648 436 1687 ex
458 1647 515 1703 quo
537 1631 591 1689 tali
615 1649 667 1689 vos
693 1634 784 1690 orbos
806 1638 892 1708 patre
911 1628 1034 1703 reliquit

243 1713 334 1793 Nigra
357 1713 437 1784 dies,
459 1715 540 1791 turpi
561 1715 679 1774 macula
701 1736 778 1791 quae
802 1716 884 1774 secla
905 1720 1012 1772 notare

241 1798 305 1857 Non
327 1799 424 1857 verita
446 1808 503 1872 est,
530 1808 615 1859 tanto
640 1801 710 1858 dnm
731 1802 832 1877 privat
853 1800 953 1859 sidere
974 1797 1127 1868 mundum,

240 1886 285 1943 Ex
305 1884 361 1942 hoc
381 1882 465 1941 nullu
486 1884 561 1943 mihi
578 1886 747 1944 diffundunt
767 1886 878 1964 gaudia
896 1884 1028 1941 vultum:

240 1970 275 2029 Et
296 1986 374 2045 quae
396 1976 467 2026 sunt
488 1970 595 2029 solitae
616 1970 706 2049 vulgo
729 1972 825 2029 lenire
846 1969 993 2028 dolorem*

240 2055 293 2114 Vel
313 2052 400 2125 ratio,
425 2053 473 2110 vel
493 2054 587 2133 longa
612 2055 689 2129 dies,
709 2058 817 2113 harum
839 2055 935 2113 altera
956 2060 1060 2111 tantae

239 2140 374 2199 iacturae
396 2138 536 2197 meritum
559 2141 652 2198 menti
675 2141 794 2201 obiicit:
817 2141 913 2198 altera
931 2140 1023 2216 longo

240 2223 380 2285 Carnifici
404 2240 494 2281 curae
510 2225 589 2285 vires
610 2228 737 2301 acquirit
758 2228 797 2284 ab
817 2245 904 2284 aevo.

239 2310 352 2372 Ultima
374 2310 531 2370 restabant
552 2311 652 2369 animo
674 2312 787 2372 solatia
807 2311 898 2384 victo,

241 2395 320 2469 Quas
346 2413 365 2450 a
386 2412 435 2450 me
458 2395 592 2474 exigitis,
613 2415 711 2472 neque
734 2417 783 2456 me
807 2397 917 2455 debere
939 2395 1065 2464 fatebor,

239 2480 352 2540 Dulces
370 2477 520 2553 Pierides,
543 2501 712 2560 generosae
734 2483 847 2560 pabula
868 2480 979 2539 mentis

241 2565 390 2627 Suavibus
410 2564 442 2622 in
463 2565 571 2624 studiis
593 2566 758 2627 Heliconia
778 2585 866 2627 sacra
886 2564 1028 2624 colentis:

241 2650 306 2726 Qua
329 2669 392 2708 non
413 2658 460 2708 est
478 2651 577 2709 animo
598 2653 696 2727 potior
717 2653 867 2711 medicina
887 2648 1024 2721 tumenti,

241 2735 339 2811 Quum
362 2733 447 2792 dolor
467 2736 598 2813 egeritur
619 2737 764 2810 lacrimis,
788 2736 1000 2813 explendaque
1025 2733 1096 2790 lietu

242 2821 321 2882 cira
343 2819 427 2877 novis
445 2819 498 2880 iris
523 2841 628 2880 omnes
652 2823 779 2881 effundit
799 2823 944 2880 habenas.

242 2905 301 2967 Sed
321 2922 381 2963 nos
404 2905 560 2966 Musarum
583 2915 732 2967 secretum
753 2908 838 2966 triste
864 2912 1001 2981 petentes

240 2989 356 3050 Nescio
379 2989 446 3063 quis
465 3011 578 3068 pravae
600 2992 768 3052 dulcedinis
788 2993 895 3050 efferat
915 3007 1007 3057 error,

241 3073 386 3136 Absentis
409 3094 561 3135 memores
584 3078 680 3155 figens
701 3079 732 3136 in
755 3077 886 3156 imagine
906 3090 1033 3133 sensus:

243 3158 393 3238 Quidum
414 3161 571 3235 praeteriti
592 3164 745 3222 convictus
768 3168 920 3240 computat
940 3157 1018 3229 aevi,

242 3251 341 3322 Atque
363 3244 423 3303 sibi
447 3247 601 3308 blanditus
624 3248 655 3305 in
678 3249 760 3306 omni
779 3247 897 3323 quaerit
918 3244 1047 3302 amicum

244 3329 400 3391 Historiae
419 3331 550 3405 cumulo,
572 3333 630 3390 heu
651 3335 770 3408 quoties
792 3333 909 3392 obiecta
930 3328 1034 3407 figuris

243 3417 332 3476 Lusit
353 3416 533 3475 amabilibus
556 3437 707 3476 memores
730 3419 853 3477 insania
874 3413 1004 3474 sensus?

243 3502 324 3561 Nam
342 3520 518 3577 quocunque
540 3521 625 3562 meos
648 3504 810 3562 circunfert
829 3501 918 3560 lectio
939 3500 1035 3569 visus,

245 3587 305 3648 Seu
326 3605 414 3660 quem
436 3587 571 3647 iustitiae
591 3588 687 3661 dotes,
709 3596 761 3646 aut
782 3587 880 3665 gratia
898 3602 1028 3654 morum,

244 3677 305 3732 Aut
326 3671 401 3730 iuris
424 3673 615 3732 commendat
637 3693 727 3750 apex,
748 3680 800 3730 aut
820 3671 919 3750 gloria
938 3670 1071 3747 linguae,

244 3757 359 3818 Unicus
382 3759 512 3816 occurrit
531 3759 622 3818 nobis
641 3759 798 3817 Puteanus
821 3757 853 3814 in
872 3756 934 3814 illis

246 3842 402 3920 Exemplis
428 3843 584 3903 decorum:
608 3846 679 3922 quia
697 3862 785 3919 quem
810 3849 955 3920 congesta
978 3839 1106 3898 decebat
