3000 4725
617 635 769 730 „Q
827 689 831 700 .

244 795 419 884 Προσθῆκαι
441 797 596 882 λαχάνων.
615 795 808 884 Ὑγιέστερος
830 799 861 861 εί
878 799 1072 882 κολοκύντης.

244 879 352 968 Πριίιρα
371 885 506 968 πρύμνα.
539 881 604 967 Πρὸ
625 888 678 968 τῆς
696 885 781 967 νίκης
803 884 948 948 ἐπινίκιον
971 883 1064 970 ᾄδεις.

243 965 299 1037 ΠύΕ
320 969 339 1052 ἢ
362 967 429 1037 λάξ.
453 966 532 1030 Δότε
547 989 599 1049 μοι
620 969 764 1052 λεκάνην,
779 966 859 1031 δότε.
884 965 1027 1038 Βούςέπλ
1045 971 1148 1054 σωριγῖ.

242 1050 300 1135 Πύρ
323 1052 372 1116 ἐπὶ
394 1056 455 1140 πύρ
499 1053 611 1121 ἀλλεις.
633 1053 737 1138 Ἀρχά
763 1052 896 1116 δείκνυσι
916 1054 968 1117 τόν
993 1052 1100 1137 ἄνδρα.

241 1133 280 1198 Πυ
301 1137 459 1219 παλάμης.
491 1132 559 1200 Οσα
579 1133 647 1206 Μῦς
671 1137 701 1200 έν
725 1135 817 1220 Πίση.
842 1137 1130 1222 Φαινοπροσωπεῖν.

240 1160 356 1306 Πυθρδς
378 1220 471 1297 ἅπαξ,
496 1221 617 1289 δεκάκις
637 1219 770 1326 χλωρός.
797 1221 936 1286 Δειπνεῖν
954 1246 992 1305 με
1014 1222 1149 1285 δίδασκε.

240 1301 439 1390 Πτωχότερος
458 1304 637 1374 Παύσωνος.
656 1302 757 1390 ’Υδωρ
779 1307 832 1370 καὶ
854 1310 929 1388 γαῖα
948 1305 1102 1389 γένοισθε.

239 1386 399 1461 Σελλίζειν.
423 1389 577 1454 Ἀπόνοια
600 1388 764 1472 Γιγάντων.
789 1391 902 1501 Ψῆιρος
917 1389 1064 1474 Ἀθηνᾶς.

238 1471 330 1558 Σήψει
350 1475 404 1538 καὶ
420 1475 533 1560 πέτραν
558 1475 574 1536 ό
599 1475 696 1543 πολύς
715 1475 851 1561 χρόνος..
866 1473 963 1560 Ερνος
975 1476 1096 1559 Ἄρηος

238 1555 358 1629 Σιτίζεις
379 1557 505 1643 ἀκόνην.
526 1555 630 1621 Πυιεῖν
653 1561 681 1622 τὶ
704 1561 761 1634 δεῖ,
783 1560 830 1628 οίς
846 1559 920 1642 γόνυ
941 1557 1076 1644 χλωρόν.

238 1639 405 1726 Σκήπτεται
427 1641 563 1753 ἔμπορος
583 1641 670 1708 εἶναι.
690 1641 837 1709 Ἐτιύσιον
863 1643 963 1729 ἄχθος
982 1642 1126 1727 ἀρούρης.

237 1725 345 1811 Σκυρία
372 1725 432 1798 α’ίξ.
459 1729 531 1793 Απδ
555 1725 646 1792 πέντε
664 1751 720 1792 πετ
740 1731 776 1791 ἀν
801 1728 844 1796 εἰς
857 1728 929 1812 κῦμ’
952 1726 1130 1790 ἐσαλέσθαι.

238 1809 447 1898 Σμυρδυρίνου
472 1813 682 1920 ἁπαλώτερος.
697 1751 787 1882 “lgm
809 1815 903 1898 ἥλικα
922 1811 1036 1894 τέρπει.

238 1893 413 1980 Στιγματίαι
433 1895 554 1980 Σάμιοι.
576 1893 657 1966 Τους
678 1896 708 1960 δ’
730 1897 766 1960 ού
789 1898 842 1980 μία
855 1898 970 1965 πάντας
986 1897 1150 1978 ἀγοινηύς.

238 1977 275 2041 Σύ
287 1984 438 2050 σκώπτεις
446 1981 499 2065 μὲν
509 1979 555 2065 ἔμ’
559 2027 567 2044 .
585 1981 679 2064 ἐγὼδ
690 1981 871 2066 όνοςύυμαι.
886 1980 1149 2066 Ἀσπιδαποβλής.

238 2061 400 2151 Συμμαχίη
428 2065 504 2148 μετὰ
525 2069 574 2130 τὸν
596 2066 743 2146 πόλεμον.
767 2065 833 2150 Πῦρ
856 2067 949 2130 δαλόν
974 2064 1117 2129 ἐπελθόν.

238 2145 292 2210 Σὺν
316 2151 352 2213 δὲ
374 2151 444 2214 θεοὶ
488 2150 610 2232 άκαρες.
635 2149 725 2234 Παρὰ
741 2151 902 2234 τῆςαύλῆς
917 2150 954 2213 τά
967 2150 1026 2254 τρί’
1044 2148 1149 2218 εἴποις.

239 2229 374 2316 Σχοινίον
403 2235 434 2305 ἐξ
457 2257 572 2319 αμμου.
595 2234 709 2301 Ξενίων
735 2235 771 2298 δέ
792 2257 826 2298 τε
844 2235 943 2318 θυμός
969 2256 1100 2320 αριστοτ.

239 2311 280 2380 Τά
302 2321 372 2403 τρία
393 2321 454 2383 τῶν
478 2319 521 2388 εἰς
542 2321 593 2383 τόν
615 2320 758 2385 θάνατον.
780 2316 1003 2408 Ταχυβάμυνες
1026 2320 1121 2405 όρκοι.

239 2396 295 2464 Τάν
320 2404 377 2468 ἀπ’
399 2403 531 2489 ἀρότρου
547 2410 631 2469 παῖε.
649 2404 675 2469 Π
698 2407 732 2473 ὸς
752 2406 924 2490 ἐρρωγυῖαν
950 2405 1071 2473 ἀείδεις.

238 2480 294 2548 Τάν
316 2489 397 2552 κατὰ
422 2490 532 2555 σαυτὸν
554 2486 621 2552 ἔλα.
644 2490 743 2553 Λοκον
765 2489 854 2558 εἶδες.
876 2486 961 2559 Βοῦς
975 2490 1025 2553 ἐπὶ
1038 2490 1148 2573 ράτνη.

238 2564 294 2633 Τόν
315 2578 496 2660 παρεοῦσαν
519 2572 644 2657 ἀμελγε.
668 2574 781 2644 Φέναξ.
803 2574 904 2657 ,Αδδη
932 2574 1005 2655 άγον
1027 2574 1121 2657 όίρμα.

240 2648 294 2717 Τάν
321 2657 434 2743 σοφίαν
459 2654 554 2742 ἔλαχ’
578 2660 597 2721 όι
618 2658 716 2721 πενία.
737 2657 825 2723 Μετὰ
845 2596 974 2804 Λέσέιον
997 2657 1088 2803 ιμδόν.

239 2731 295 2807 Τὰς
313 2740 466 2827 κέγχρους
490 2743 716 2825 ἀποτορνεύειν.
738 2740 901 2825 Ῥαδαμάν
926 2764 980 2809 υος
1023 2763 1103 2826 ρκος.

240 2815 296 2892 Τάς
315 2827 408 2909 μυίας
432 2826 521 2894 ἀετὸς
543 2826 583 2910 θη
607 2826 696 2891 εύων.
727 2825 966 2909 Βεκκεσέληνος.

239 2900 357 2993 Τειχίον
376 2909 561 2995 Ἱππάρχου.
584 2850 747 2997 Πορδύλης
770 2911 854 2982 ἄξιος
876 2910 933 2993 οὐκ
954 2909 992 2972 εί.

240 2983 423 3080 Τηλεμάχου
446 2993 553 3080 χύτρα.
575 2995 719 3079 Πόλεμος
738 2995 833 3077 γλυκύ
856 2998 977 3079 πρῶτον
1003 2992 1149 3075 ἀπείροις.

240 3067 295 3157 Τὴν
314 3080 414 3163 θήραν
435 3079 609 3164 προαοβεῖς.
633 3078 741 3162 Πηλού
763 3079 862 3148 πόδας
878 3079 965 3146 ἐκτός
988 3077 1110 3161 ἀείρειν.

239 3150 296 3242 Τὴν
318 3163 446 3248 κραδίην
469 3167 571 3247 τηρεῖν
597 3165 628 3227 έν
651 3166 754 3249 πείση.
776 3162 912 3248 Καρικὸς
931 3162 1021 3231 οἶνος.

240 3237 277 3305 Τό
299 3246 488 3332 κρύσταλλον
512 3250 527 3312 ό
551 3254 632 3317 παῖς.
651 3248 878 3332 Ἀτρεκέστερα
900 3249 959 3309 τῶν
973 3246 1023 3309 ἐπὶ
1035 3244 1148 3331 Σάγρᾳ.

239 3320 286 3396 Τίς
304 3334 389 3415 χρεὼ
414 3331 592 3415 πυθομένου
615 3334 771 3418 κρομύους
791 3330 983 3416 Κολοφωνία
1006 3332 1099 3478 ύμρις.

263 3412 294 3475 δν
318 3416 449 3500 δελφῖνα
467 3417 543 3500 πρός
563 3418 689 3501 οὐραῖον
712 3420 785 3487 δεῖς.
808 3414 860 3484 Τίς
880 3415 992 3500 τρόπος
1023 3437 1112 3479 ππων
1119 3440 1129 3491 3

240 3489 295 3559 Τόν
318 3500 481 3585 κολοφῶν’
503 3501 664 3584 ἐπέθηκεν.
679 3498 763 3567 Ὅσα
783 3500 949 3586 ψεύδονται
970 3499 1093 3585 ὄνειροι.

241 3571 296 3643 Τόν
320 3584 403 3654 ξένον
426 3584 463 3648 ού
488 3586 538 3648 δεῖ
558 3586 607 3648 ἀεὶ
631 3586 714 3656 ξένον
735 3587 823 3649 εἶναι.
845 3584 988 3653 Θύλακος
1009 3587 1111 3653 ἀσκὸς.

241 3655 296 3727 Τόν
316 3666 430 3732 Πελίαν
454 3668 593 3734 λυύσαιο.
618 3669 684 3733 Μία
705 3670 857 3739 Μύκονος.
881 3668 963 3733 Μέλι
984 3670 1108 3755 λείχειν.

241 3738 299 3813 To&
321 3758 449 3838 πτωχοῦ
469 3754 554 3838 πήρα
575 3755 612 3818 οὐ
634 3756 814 3838 πίμπλαται.
835 3754 952 3839 Αίματι
973 3754 1098 3817 κλαίειν.

243 3822 360 3919 Τυρλδς
371 3840 515 3907 πλοῦτος.
534 3834 638 3909 Ὀδάί.
661 3839 740 3903 Ἀνά
752 3862 800 3903 σοι
814 3836 1148 3922 τάδεπάνταλεπαργέ.
