3000 4725
651 619 799 714 ..¹3⁵-

355 783 526 868 Παροιμίας
547 784 602 867 μὲν
623 747 711 869 ἔργον
735 783 799 849 ἔστι
819 784 976 866 συλλέγειν

353 866 413 932 Καὶ
427 873 494 945 ,τῶν
515 865 845 953 τυχύντων·’ἐκλέγειν
867 870 913 945 δέ,
936 874 995 932 τῶν
1017 875 1135 954 σοφῶν.

572 1033 652 1100 Ἀπὸ
678 1037 864 1122 ἑξαμέτρων.

268 1119 307 1185 Ἀ
328 1120 556 1207 φιλοχρηματία
579 1119 720 1206 Σπάρταν
745 1122 824 1195 ἕλοι,
848 1121 925 1185 ἄλλο
951 1123 986 1186 δέ
1008 1122 1110 1187 οὐδέν.

267 1205 383 1269 Ἀέτιον
406 1211 503 1289 γῆρας
526 1205 660 1289 κορύδυυ
684 1205 828 1288 νεότητος
847 1205 984 1288 ἄμεινον.

270 1289 360 1373 Αἰγὸς
382 1290 586 1374 ἐπιπρητὴνος
607 1290 740 1375 ἐρυθροῦ
765 1292 847 1374 πήρη
873 1291 992 1374 ἀρίστη.

270 1375 372 1443 Αἰδὼς
393 1374 450 1438 ούκ
470 1371 572 1456 ἀγαθὴ
596 1374 781 1460 κεχρημένῳ
797 1376 884 1458 ἀνδρὶ
906 1376 1048 1458 παρίκτη.

270 1461 336 1524 Atel
357 1457 388 1522 δ’
415 1459 502 1542 ἀνδρὶ
523 1458 644 1540 γέροντι
668 1459 739 1522 νέαν
761 1461 948 1545 ποτιβάλλεο
969 1460 1098 1543 κούραν.

268 1546 334 1608 Atei
356 1542 523 1607 τοιούτοισι
547 1542 716 1625 διωκοίμην
739 1542 912 1626 πολέμοισι.

268 1629 322 1700 Αἲξ
348 1627 436 1692 ούπιυ
455 1626 588 1702 τέτοκεν,
612 1625 719 1711 ἔριφος
742 1628 768 1692 δ’
793 1628 842 1692 ἐπὶ
865 1630 994 1711 δώματα
1016 1628 1128 1699 παίζει.

268 1712 403 1799 Αίοχρύν
427 1734 475 1774 τοι
496 1710 589 1795 δηρόν
613 1733 646 1773 τε
667 1711 780 1795 μένειν,
799 1711 905 1776 κενεύν
927 1736 961 1775 τε
982 1711 1116 1776 νέεσθαι.

261 1797 410 1881 Ἀκλητοι
429 1796 526 1858 δειλοὶ
549 1796 675 1876 ἀγαθῶν
698 1797 747 1860 ἐπὶ
769 1798 875 1865 δαῖτας
896 1796 970 1861 ίασι.

264 1882 381 1967 Ἀκμὴν
406 1879 555 1964 ἑπταέτης
578 1880 621 1942 ῶν
646 1879 703 1944 ούκ
726 1880 879 1966 ἀνέφυσεν
902 1881 1039 1950 ἀδύντας.

263 1964 365 2032 Ἀλλοί
387 1987 422 2048 γε
443 1965 535 2026 σιτίον
559 1964 594 2026 ἐκ
613 1964 759 2050 καθαρῶν
785 1966 910 2071 ἀχύρων
933 1965 1126 2072 τετρύγηιιας.

263 2051 363 2118 Ἀλλὰ
386 2052 581 2134 προσωπεῖον
605 2049 659 2131 μὲν
681 2049 774 2134 ἔχεις,
795 2073 895 2132 γυναι,
916 2051 953 2114 ού
977 2053 1180 2135 ὶπροσυιπον.
1303 2101 1306 2106 .

262 2137 396 2201 Ἀλλοτε
419 2133 446 2198 δ’
472 2135 598 2198 ἀλλοῖον
619 2133 756 2198 τελέθειν
779 2136 830 2198 καὶ
852 2075 1102 2220 χώραέπεσθαι.

261 2221 395 2286 Ἀλλυτε
417 2219 547 2302 μητρυιὴ
571 2217 661 2281 πέλει
682 2218 797 2304 ἡμέρη,
821 2218 934 2284 ἀλλοτε
954 2222 1065 2305 μήτηρ.

264 2304 355 2372 Ἀλλ’
381 2303 472 2367 οὐδὲν
493 2303 563 2389 περὶ
584 2304 635 2366 τὸν
660 2305 765 2390 βωμὸν
790 2306 841 2368 δεῖ
857 2303 912 2373 τὰς
933 2304 1077 2375 ἐπινοίας.

261 2388 356 2456 Ἀλλ’
376 2389 435 2451 ὑπὸ
457 2390 546 2453 παντὶ
566 2388 645 2475 λίθιρ
664 2391 715 2453 καὶ
737 2391 831 2476 βώλῳ
853 2390 998 2473 σκορπίος
1019 2390 1114 2455 εύδει.

263 2473 456 2559 Ἀνδροίποδ’
471 2472 505 2535 ἐκ
525 2472 671 2556 Φρυγίης,
695 2474 730 2536 ἐκ
750 2474 781 2537 δ’
799 2473 967 2558 Ἀρκαδίης
988 2474 1181 2559 ἐπικούρους.

263 2560 372 2643 Ἀνδρὶ
396 2556 562 2642 Γεφυραίιρ
585 2554 669 2626 οἶκος
692 2558 792 2641 φίλος,
814 2559 898 2625 οἶκος
917 2557 1048 2642 ἀριστος.

261 2643 346 2711 Ἀντ’
372 2642 549 2726 εὐεργεσίης
569 2640 784 2725 Ἀγαμέμνονα
804 2648 889 2706 τῖσαν
910 2642 1045 2727 Ἀχαιοί.

263 2726 438 2814 Ἀργαλέον
461 2723 631 2811 φρονέοντα
650 2728 727 2811 πάρ’
750 2727 865 2811 ἄφροσι
892 2725 987 2788 πόλλ’
1010 2725 1182 2809 ἀγορεύειν.

260 2810 448 2898 Ἀργυρέαις
468 2808 611 2895 λύγχαισι
637 2813 751 2896 μοὶχου,
777 2812 828 2874 καὶ
846 2812 945 2873 πάντα
965 2811 1169 2893 δαμάσ[σ]εις.

261 2897 432 2984 Ἀρκαδίην
460 2894 492 2977 μ’
515 2896 618 2971 αἰτεῖς,
642 2894 769 2979 μέγαρ’
795 2896 898 2963 αἰτεῖς.
925 2893 962 2957 ού
984 2916 1032 2957 τοι
1054 2896 1159 2958 δῶσιν.

261 2982 382 3068 Ἀρχὴν
406 2982 512 3043 ἰᾶσθαι
533 2978 612 3044 πολὺ
637 2981 742 3057 λώϊον,
764 2982 804 3064 ὴὲ
825 2978 979 3061 τελευτὴν.

259 3068 422 3133 Ἀισονται
443 3062 511 3127 τότε
533 3064 648 3140 κύκνοι,
671 3063 742 3127 ὅταν
768 3068 874 3147 σιγῶσι
893 3064 1023 3127 κολοιοί.

265 3152 404 3233 Αὐγοίζω
427 3148 504 3231 πρὸς
519 3144 681 3231 Ὄλυμπον
705 3150 895 3235 ἀταρβὴτησι
914 3152 1105 3231 προσωπαῖς.

264 3236 437 3320 Αδτοίρκιυν
465 3231 656 3315 εὐδαιμονίη,
680 3234 765 3317 φιλίη
786 3234 820 3296 δὲ
843 3234 988 3317 βεβαίων.

265 3320 385 3386 Αὐτίκα
408 3317 459 3381 καὶ
484 3316 564 3401 φυτά
586 3318 677 3397 δῆλα,
702 3318 739 3381 τά
763 3316 871 3400 μέλλει
894 3318 1020 3402 κοίρπιμ’
1044 3315 1181 3382 ἔσεσθαι.

266 3405 448 3486 Αὐτόματοι
471 3402 500 3464 δ’
523 3401 636 3482 ἀγαθοὶ
659 3402 784 3483 ἀγαθῶν
809 3401 858 3463 ἐπὶ
881 3403 988 3469 δαῖτας
1010 3400 1083 3465 ἴασι.

266 3487 367 3572 Βαίτη
390 3487 442 3549 καὶ
465 3484 576 3569 θέρεος
595 3486 645 3548 καὶ
665 3484 813 3571 χείματύς
833 3485 911 3548 ἐστιν
935 3485 1053 3569 ἀρίστη.

267 3572 412 3656 Γαστέρα
436 3593 489 3654 μοι
510 3568 681 3717 προφέροις
705 3572 866 3633 κάλλιστον
887 3568 1007 3638 ὄνειδος
1027 3571 1182 3633 ἀπάντιον.

306 3656 349 3721 ‘H
369 3657 489 3739 πλήρης
509 3678 530 3737 μ
549 3676 563 3716 ν
588 3654 795 3739 ἐλαφροτάτη,
810 3655 900 3738 κενεὴ
924 3655 958 3719 δὲ
979 3656 1099 3739 βαρεῖα.

269 3742 408 3826 Γαστρδς
431 3740 492 3802 ἀπὸ
517 3740 625 3822 πλείης
649 3740 745 3823 βουλὴ
768 3738 819 3801 καί
840 3743 927 3821 μῆτις
950 3739 1073 3823 ἀρείων.

269 3826 429 3906 Γλαῦκ>[,]
447 3822 609 3909 ἐπίκουρος
627 3823 703 3907 ἀνὴρ
717 3822 827 3888 τόσσον
840 3824 931 3907 φίλος
944 3821 976 3891 ές
986 3844 1019 3887 τε
1032 3824 1181 3908 μάχηται.
