3000 4725
673 629 715 688 65

280 794 398 871 Ingenii
420 795 540 871 excepit
561 795 665 857 indole
687 806 778 875 capta
797 796 857 857 tui:

243 876 279 935 Et
298 878 399 957 legum
424 880 531 939 studiis
554 880 686 941 animum
708 883 870 941 emendare
889 885 1003 944 severis

279 962 360 1022 Dum
381 973 480 1042 parat,
501 966 577 1023 haec
596 967 686 1025 tacito
708 969 801 1027 verba
824 968 924 1027 dolore
946 969 1044 1029 dedit:

243 1046 267 1107 0
286 1059 448 1125 praestans
472 1050 575 1123 animi,
599 1052 698 1129 gentis
722 1071 794 1130 spes
818 1072 937 1113 summa
960 1054 1120 1129 Thaenae,

279 1132 312 1193 Si
334 1154 396 1211 qua
415 1135 492 1193 Fata
514 1136 654 1213 sinaut[‚]
676 1146 707 1195 tu
726 1156 848 1215 quoque
867 1156 996 1215 magnus
1015 1140 1086 1201 eris.

242 1214 314 1277 Sunt
333 1221 483 1296 quaedam
503 1220 601 1298 leges,
624 1232 654 1280 et
676 1222 872 1281 ineluctabile
888 1242 989 1283 rerum

277 1303 410 1377 Foedus,
429 1315 459 1363 et
478 1304 541 1381 ipsi
560 1306 636 1365 adeo
656 1306 722 1365 iura
744 1308 902 1367 tremenda
921 1308 1005 1367 lovi:

240 1388 321 1463 Quae
344 1390 401 1447 tibi
424 1391 582 1463 crescenti,
602 1392 779 1468 coeptisque
802 1393 976 1470 ingentibus
995 1394 1127 1453 obstant

276 1474 324 1533 Ah
348 1476 495 1548 sinerent,
516 1494 594 1552 quae
615 1476 694 1550 laus,
717 1486 831 1552 quanta
849 1478 967 1537 futurus
993 1484 1077 1539 erasi

239 1558 347 1617 Verum
368 1559 519 1636 primitias
541 1562 638 1621 nostri
661 1581 740 1620 nuno
758 1563 814 1621 illa
833 1562 958 1635 laboris,

276 1645 315 1703 Et
336 1663 458 1703 messes
483 1655 648 1723 properant
669 1666 757 1705 urere
779 1666 873 1707 saeva
889 1666 985 1705 meas.

238 1728 356 1788 Interea
376 1730 576 1805 quodcunque
594 1750 664 1790 meo
686 1732 723 1789 de
746 1750 871 1791 munere
891 1740 999 1805 restat,
1068 1795 1071 1802 ,

276 1815 321 1887 ld,
344 1815 477 1887 iuvenis,
502 1815 585 1875 laudi
607 1817 722 1875 serviat
743 1836 834 1875 omne
857 1826 936 1875 tuae.

238 1899 354 1977 Ingenii
375 1900 474 1972 dotes,
497 1920 583 1961 mens
606 1901 833 1961 consultissima
854 1920 965 1975 rerum,

275 1986 315 2043 Et
336 1984 505 2063 castigatae
529 1986 576 2045 vis
597 1986 723 2045 rationis
746 1988 813 2059 erit,

238 2067 401 2147 compositi
423 2078 539 2147 gestus,
563 2079 594 2129 et
614 2079 733 2131 torrens
757 2074 844 2149 copia
861 2072 956 2145 fandi,

273 2155 315 2213 Et
337 2156 418 2213 bene
438 2174 494 2231 pm
512 2156 638 2233 trepidis
662 2156 767 2235 lingna
787 2158 902 2217 diserta
918 2158 991 2218 reis.

237 2238 291 2299 His
311 2248 345 2297 tu
369 2240 532 2316 praesidiis
552 2242 677 2315 quaevis
701 2242 770 2301 fora
791 2252 873 2302 tutus
894 2244 983 2302 obito.

275 2326 352 2403 Ipsa
373 2325 536 2402 patefaciet
559 2324 651 2386 Curia
674 2346 785 2406 magna
807 2329 902 2400 fores3

237 2409 354 2470 Doctus
376 2411 520 2470 honorato
540 2411 633 2470 Pater
652 2420 685 2470 ut
706 2421 736 2470 te
760 2415 893 2491 gaudeat
913 2413 998 2485 olim,

275 2497 316 2556 Et
339 2495 421 2553 docti
438 2496 539 2555 Patris
563 2497 698 2556 maxima
716 2507 818 2557 castra
837 2500 948 2557 forum.

238 2578 366 2640 Caetera
385 2581 530 2641 Fatorum
550 2581 663 2640 fuerint
687 2583 742 2641 tibi
763 2584 829 2642 iure
851 2591 977 2661 negata:

274 2667 443 2738 Parcarum
465 2666 568 2725 invitis
589 2667 708 2744 legibus
732 2669 793 2726 ista
815 2669 906 2727 feres.

236 2749 303 2810 Non
325 2751 382 2808 tibi
403 2751 518 2826 plebeis
542 2752 667 2810 sordent
689 2753 843 2811 natalibus
862 2761 958 2824 ortus,

168 2859 172 2874 ·
275 2835 347 2894 Neo
368 2835 485 2894 levibus
507 2837 602 2895 titulis
628 2844 675 2896 est
696 2845 749 2895 tua
769 2838 846 2896 fulta
868 2837 983 2895 domus.

236 2921 303 2994 Illa,
326 2917 516 2979 Parisiacam
537 2930 677 2998 regerent
701 2922 753 2998 qui
774 2922 892 2999 legibus
915 2922 1031 2991 urbem,

276 3006 452 3080 Purpureos
475 3006 594 3082 peperit
612 3015 736 3082 pectora
759 3007 847 3064 docta
865 3005 984 3064 Patres.

237 3090 310 3148 Inde
335 3091 541 3167 magistratus,
565 3099 595 3148 et
615 3091 779 3167 splendida
800 3090 932 3162 nomina,
955 3091 1094 3160 honores,

279 3174 431 3249 Claraquc
453 3177 490 3233 ab
513 3176 671 3234 innumero
695 3177 795 3252 gloria
814 3176 911 3253 fulget
932 3193 998 3232 avo.

239 3260 387 3336 Quaeque
410 3261 492 3318 venit
513 3261 607 3320 virtus
631 3261 725 3319 multo
748 3262 889 3337 quaesita
909 3259 1022 3332 labore,

279 3345 416 3422 Legibus
435 3345 549 3422 incepit
570 3345 727 3422 sanguinis
752 3365 822 3405 esse
840 3353 901 3403 tua.

240 3429 342 3506 Quare
363 3449 430 3507 age,
451 3431 520 3488 dum
542 3430 641 3488 famae
661 3431 761 3506 plenis
782 3438 873 3507 potes
893 3431 994 3489 omine
1014 3427 1091 3488 velis

281 3514 401 3592 Ingenii
419 3533 547 3592 magnos
572 3515 755 3592 explicuisse
776 3516 879 3574 sinus:

239 3599 264 3672 I,
284 3599 414 3672 iuvenis,
436 3601 490 3659 tibi
511 3609 654 3677 provecto
676 3600 736 3657 iam
757 3600 855 3658 laudis
878 3601 909 3657 in
929 3600 1024 3657 altum

282 3684 445 3760 Temperet
466 3694 498 3742 ut
521 3704 626 3744 cursus
649 3703 721 3743 aura
743 3686 878 3744 secunda
894 3692 978 3743 tuos:

241 3767 345 3844 Teque
368 3769 441 3828 olim
461 3769 553 3846 patrii
575 3770 700 3829 miretur
719 3763 753 3826 ut'
774 3769 847 3828 ordo
873 3768 979 3830 Senati

282 3851 436 3913 Celtarum
457 3873 566 3934 magno
586 3873 701 3930 ponere
723 3853 791 3912 iura
812 3855 887 3914 foro.

931 3965 949 4023 5
1002 4013 1005 4016 ,
