3000 4725
246 810 296 895 (Τὸ
317 812 374 896 γὰρ
399 812 547 895 παροὶρων
570 815 620 875 καὶ
642 813 841 915 κενοφρόνων
866 813 981 899 φρένας

245 896 404 981 Μέληθρόν
429 896 523 975 ἐστιν)
544 898 615 958 ἀλλ’
638 898 684 960 ὅτι
703 898 876 967 Σκαλανίας

247 982 347 1067 Ψυχῆς
369 982 472 1064 ὑγείαν
496 980 528 1043 ἐν
552 985 675 1066 νοσῆλιῇ
700 985 820 1066 σώματι

241 1062 361 1129 Ἐὐεκτο
385 1070 508 1150 χαῖρον.
532 1065 628 1129 οἰκίαν
653 1068 683 1131 δ’
709 1067 787 1151 ἐμὴν
809 1068 876 1131 ἐπεὶ

244 1148 335 1213 'flasi‘
361 1150 507 1231 ἐπῆλθεν,
531 1150 651 1234 ἥδομαι
672 1153 723 1215 καὶ
744 1154 903 1235 γοίννυμαι.

246 1232 300 1297 Καὶ
316 1233 484 1319 Χρέμυλος
507 1235 611 1319 ὥσπερ
635 1239 770 1317 κωμικὸς
789 1237 925 1301 πλούτου
946 1242 1048 1324 τυχῶν

246 1322 301 1387 Καὶ
346 1322 512 1407 ροιριάζειν
536 1321 588 1382 καὶ
607 1321 749 1427 γορείιειν
775 1322 938 1407 βούλομαι.

247 1410 283 1472 Σύ
303 1348 358 1492 γάρ
384 1406 594 1471 ἀντίπλουτος.
618 1428 649 1469 εν
673 1405 741 1469 τόδ’
764 1405 937 1490 ῆγθέσύῆν,
961 1406 1006 1469 ότι

248 1494 337 1577 Φιλην
361 1493 503 1574 δάμαρτα
526 1489 677 1571 δωμάτων
702 1493 808 1573 πιστὴν
828 1491 904 1555 κύνα

243 1576 366 1644 Ἕλαύες
389 1574 504 1657 ἐπῆλύς
530 1574 594 1637 ἀντὶ
616 1577 761 1657 φιλτάτου
782 1579 900 1657 παρών.

248 1660 315 1727 Οὐδ’
335 1664 439 1743 ὥσπερ
464 1659 554 1737 εἰκὸς,
581 1662 623 1725 ῶς
647 1659 753 1742 ἐχρῆν,
777 1664 819 1728 ῶς
840 1660 924 1728 ἀξιον

244 1745 329 1828 Ἐμοί
348 1768 380 1807 τε
405 1746 456 1807 καὶ
482 1744 539 1818 σοὶ,
560 1743 725 1827 ἐξενώύῆς.
747 1746 777 1807 τί
793 1745 902 1820 πάθοις

248 1828 282 1894 Τι’
301 1832 328 1893 δ’
353 1829 467 1899 ἔλαθες
491 1828 607 1903 αὐτως;
628 1827 648 1911 ῆ
670 1852 709 1909 ροι
735 1828 881 1912 βακχικύν
902 1829 996 1895 πέδον

246 1916 288 1979 Αὐ
309 1917 445 1999 ηλιανῶν
471 1912 501 1977 α’
524 1912 700 1996 ἐνπερῆσειν
720 1912 847 1997 ἤλπισα.

283 1939 499 2082 ἀύὐαιμονίζω
523 1998 573 2059 καὶ
597 1998 632 2061 σὲ
655 2002 708 2079 τῆς
726 1998 861 2083 ἀφίξεως

243 2085 375 2149 Αιπόντα
399 2081 534 2166 Πάριδος
554 2083 606 2164 τὴν
629 2081 717 2145 πόλιν
740 2085 924 2166 φερώνυμον

244 2170 340 2235 Αὐτόν
359 2190 393 2231 τε
417 2168 576 2248 δόσπαριν,
598 2167 725 2249 Φρύγας
742 2190 775 2229 τε
796 2174 991 2250 γυναιμανεῖς

244 2252 507 2337 Πιύηκομόρφους
528 2252 654 2334 αὐλικῆς
676 2253 809 2335 ἀεργίας.

244 2340 303 2406 Νῦν
329 2336 458 2406 εἰκότως
479 2358 513 2418 γε
537 2337 619 2420 φημί
639 2339 668 2398 σ’
693 2335 755 2400 ἀντ’
779 2336 956 2422 ἐλεόύερον.

241 2425 319 2508 Ἐγὼ
348 2423 384 2486 δὲ
408 2423 501 2505 δηρὸν
526 2421 660 2505 ὑστερῶν
684 2444 750 2494 σου,
773 2423 923 2505 φαίνομαι

243 2509 304 2574 Νῦν
326 2507 518 2580 ἀντίδουλος,
545 2507 700 2568 δεσποτῶν
724 2506 900 2591 ἀβελτέρων

244 2593 395 2679 Τριτάλοις
421 2589 543 2654 ἀκούων
566 2592 617 2652 καὶ
637 2591 739 2653 δίκαια
757 2590 868 2654 κᾶδικα

244 2677 346 2743 Τόπον
370 2674 481 2758 τρόπον
505 2697 537 2736 τε
561 2677 714 2760 κοίρβανον
738 2675 798 2760 βόογ
816 2675 925 2761 σέβων.

279 2761 406 2828 ’Όλοιτο
432 2761 508 2841 ὐῆτα
530 2766 661 2843 τρωϊκῆς
685 2760 825 2828 ἀπιστίας

243 2847 417 2930 Βλάστῆμα
441 2845 564 2927 μιαρόν·
590 2841 625 2906 ἀν
650 2844 677 2907 δ’
701 2845 830 2928 ἀχαϊκύν
852 2843 927 2927 ὐόρυ

244 2933 394 3012 Γλώσσης
413 2927 529 3012 θερίζοι
554 2930 673 3011 φοινίας
696 2928 803 3009 ἐναγὲς
822 2929 913 3011 κάρα,

244 3018 285 3082 Σύ
311 3015 339 3080 δ’
368 3011 406 3077 οὐ
431 3009 524 3098 βιιγόῆς
546 3016 607 3084 σῶς
627 3013 658 3076 ἐν
683 3012 807 3076 εὐεστοῖ
825 3013 924 3094 φίλος.

246 3102 322 3166 Θεὸν
349 3100 403 3182 μὲν
429 3100 503 3160 αἰτῶ
528 3101 583 3179 σῆς
601 3097 787 3179 ,ἀπαλλαγὴν
811 3097 916 3173 νόσου,

245 3186 383 3268 Πυρετού
406 3205 438 3244 τε
462 3181 543 3265 λῆξιν
566 3184 617 3244 καὶ
639 3188 740 3244 κακῶν
766 3180 977 3266 ἀποστροφὴν,

241 3269 347 3355 Ἔχοις
370 3268 405 3330 δὲ
426 3265 632 3330 πλουύυ·είαν
656 3267 706 3350 ἠδ’
729 3267 903 3350 εὐπραξίαν.

239 3350 345 3439 Ἥρως
366 3375 399 3416 τε
422 3352 526 3436 χαίροι
549 3290 727 3418 λαστανεύς
743 3351 900 3438 Ἀβέννιος

242 3439 362 3506 ’Άωτος
387 3437 479 3521 ἄκρος
501 3435 656 3517 εὐγενείας
678 3431 837 3518 Κελτικῆς.

266 3623 316 3680 51.
358 3620 534 3694 suscriptum
559 3616 647 3694 Operi
668 3618 704 3673 de
721 3615 933 3672 Emendatione
956 3613 1133 3687 Temporum.

247 3700 287 3764 Σὲ
307 3704 358 3765 τὸν
381 3697 522 3763 παθόντα
544 3697 597 3765 τὰς
618 3695 843 3781 χρονογράφων
863 3693 983 3779 φθορὰς

250 3785 374 3870 ἔστησεν
396 3787 440 3853 εἰς
461 3785 494 3846 τὸ
516 3784 643 3846 κάλλιον
665 3781 781 3864 χοίρτιγς
804 3778 868 3841 ὅδε.

252 3870 284 3934 σύ
307 3871 339 3934 δ’
364 3871 394 3933 οί
415 3870 468 3936 δὺς
490 3865 579 3933 αὐθις
599 3867 688 3948 αἰανῆ
709 3861 821 3949 χρόνον
843 3860 957 3947 Χρόνε.
