3000 4725
631 644 782 740 L

250 812 315 872 Nec
336 813 440 872 Roma
460 812 578 871 Romae
601 830 741 890 compos,
765 814 821 875 sed
838 824 939 875 tamen
958 815 1066 888 Roma,

250 897 310 959 Sed
327 899 428 957 Roma
448 916 526 972 quae
546 906 704 973 praestare
725 918 788 957 non
809 909 896 976 potes
915 902 1056 974 Romam,

249 982 309 1044 Sed
331 1002 410 1058 quae
431 982 546 1040 foveris
568 982 685 1055 fraude,
708 1002 786 1058 quae
806 985 890 1045 foves
910 986 1056 1059 fraudem,

248 1068 329 1128 Urbs
348 1067 497 1144 prurienti
519 1086 596 1142 quaa
618 1067 783 1126 obsoletior
803 1079 913 1142 scorto,

248 1154 286 1211 Et
306 1152 441 1211 obsoleti
459 1170 540 1209 more
559 1152 698 1229 pruriens
722 1154 823 1225 scorti,

248 1237 333 1311 Quae
356 1255 455 1314 paene
476 1236 555 1295 victa
576 1236 661 1295 faece
684 1239 911 1313 prostitutarum

248 1322 292 1380 Te
320 1322 485 1399 prostituta
504 1321 602 1379 vincis
626 1329 655 1379 et
679 1330 762 1379 tuum
785 1322 865 1382 facta
886 1342 919 1382 es

248 1407 319 1466 Tibi
341 1407 470 1483 lupanar
490 1406 522 1463 in
544 1414 597 1465 tuo
615 1406 772 1482 lupanari:

249 1492 326 1550 Vale
346 1490 467 1567 pudoris
489 1492 560 1550 urbs
581 1490 681 1550 inanis
705 1500 737 1549 et
755 1492 841 1564 recti,

248 1576 306 1634 Tui
329 1576 459 1653 pudoris
480 1575 672 1650 nominisque
694 1575 859 1650 decoctu-ix,

251 1661 364 1738 Turpis
386 1661 478 1719 litura
498 1680 556 1718 non
581 1661 760 1719 morantium
783 1682 894 1732 rarum,

249 1746 356 1807 Ocella
381 1744 542 1821 quondam,
566 1764 646 1803 nunc
668 1745 779 1805 lacuna
799 1747 951 1816 fortunae,

248 1830 423 1908 Negotiosa
445 1838 541 1887 mater
562 1829 741 1901 otiosorum;

250 1916 327 1974 Vale
346 1915 491 1987 nefanda,
515 1922 723 1991 constuprata,
747 1923 897 1992 corrupta,

248 2001 371 2059 Incesta
391 2000 539 2058 caelibum
563 1997 723 2071 Quiritium
745 2018 890 2077 manceps

250 2084 482 2145 Contaminata:
502 2084 614 2160 quippe
636 2084 707 2159 quid
727 2092 798 2143 tuos
821 2086 912 2143 mirer

249 2170 361 2229 Putere
386 2188 501 2241 mores,
522 2169 641 2245 quando
664 2170 725 2227 vita
746 2170 935 2246 computret?

332 2280 360 2319 r.
380 2264 410 2314 P.
430 2262 571 2315 Colornssii
590 2278 669 2329 opera
686 2280 713 2329 p.
731 2262 805 2329 5⁰8]

311 2496 486 2578 scutula
510 2497 805 2578 llccullsulcl
832 2497 906 2576 Sllll
929 2497 1105 2578 llllbdllll

593 2595 823 2675 titubabit.

278 2770 302 2824 1.
347 2769 387 2823 In
416 2765 552 2840 Aeschyli
575 2766 774 2824 Prometheum
799 2785 819 2822 a
843 2766 878 2833 Q.
907 2765 988 2840 Sept.
1010 2767 1148 2823 Floreate

383 2848 546 2907 Cbmatcao
569 2850 675 2908 Latiare
699 2868 866 2908 conversam
888 2849 1040 2926 Prolopaa.

254 2933 405 2993 Pacuvius
429 2953 500 2991 acar
522 2942 551 2991 at
571 2935 711 2993 Rudinus
733 2934 863 3005 Ennius,

254 3018 380 3094 Utrique
404 3037 534 3094 compar,
558 3020 623 3078 sive
645 3021 740 3076 maior
762 3018 879 3088 Attius3

254 3104 327 3176 Alii,
350 3111 486 3162 vetustas
510 3104 596 3162 docta
617 3105 644 3163 si
668 3123 742 3179 quos
763 3103 871 3162 extulit

255 3187 404 3261 Scaenae,
425 3188 553 3248 Latinas
575 3207 615 3247 ex
638 3190 728 3248 bonis
755 3188 883 3248 Graecis
906 3188 1001 3246 bonas

254 3271 413 3351 Scripsare
435 3274 542 3350 grandi
564 3275 698 3332 oratione
718 3274 849 3332 fabulas.

255 3358 368 3417 Verum
388 3367 533 3417 venustas
557 3360 668 3432 omnis,
691 3359 789 3417 omnis
811 3358 909 3436 gratia

255 3441 464 3518 Grandiloqua
485 3444 618 3503 numeris
638 3444 739 3503 obsita
752 3443 922 3502 innumeris
937 3443 1018 3518 perit

255 3530 354 3604 Atque
375 3528 548 3601 obsolescit,
571 3529 640 3587 dum
662 3529 801 3605 occupati
824 3529 856 3585 in
875 3528 965 3586 unica

256 3613 411 3673 Orationis
431 3623 529 3690 parte,
551 3633 696 3672 numeros
715 3613 881 3690 negligunt.

255 3696 369 3758 Contra
386 3697 499 3756 Poetae
522 3718 592 3757 sera
613 3717 687 3773 quos
711 3706 797 3757 aetas
819 3697 912 3769 dedit,

256 3782 370 3842 Omitto
391 3801 536 3858 quaerere
558 3802 596 3842 an
617 3783 745 3855 Poetae,
769 3802 808 3841 an
831 3784 951 3853 Musici,

255 3869 304 3928 An
328 3868 510 3928 Musicarum
528 3876 664 3944 strepera
683 3867 908 3926 mendicabula:
