3000 4725
673 602 734 662 307

254 767 388 827 Moerorc
406 767 504 827 donec
526 768 668 845 gaudium
689 770 904 833 internoveris.

252 848 332 924 Quod
356 860 539 923 assecutum,
562 853 661 929 qualis
683 874 722 912 ex
743 856 828 931 quali
849 866 936 933 patre

250 933 336 997 Satns
360 956 406 1011 es,
427 945 457 995 tc
481 946 598 1011 oportet
618 940 773 1016 specimen
796 940 926 1001 inimicis
949 944 1031 1005 dare.

251 1022 287 1078 At
305 1020 425 1079 interim
445 1021 525 1081 auris
549 1024 677 1084 vescitur
695 1024 826 1099 levibus,
847 1026 934 1087 alens

250 1107 377 1165 Mentem
398 1107 560 1181 novellam,
582 1108 694 1184 volupe
716 1110 821 1170 matris
843 1112 995 1188 gaudium.

248 1189 343 1249 Nemo
365 1200 396 1250 te
420 1192 567 1252 Achirnm
592 1193 736 1253 differens
757 1196 879 1271 probris
901 1197 1001 1269 malis,

247 1274 345 1335 Torve
363 1277 545 1353 increpabit,
565 1278 614 1336 vel
634 1278 705 1337 licet
726 1298 831 1339 careas
853 1281 924 1345 mei.

249 1358 350 1419 Talem
372 1362 541 1436 relinquam
562 1362 724 1422 ianitorem
744 1384 943 1440 acerrumum,

247 1444 473 1521 Alimoniaeque
494 1448 666 1524 praesidem
689 1448 839 1508 Teucrum
863 1450 932 1510 tibi:
1014 1488 1016 1497 ι

249 1526 279 1590 Si
299 1531 421 1607 quidem
442 1532 469 1591 is
493 1533 604 1591 redibit
622 1533 751 1592 hostium
773 1534 914 1597 insessor
933 1537 1045 1613 procul.

248 1616 311 1688 Ast,
332 1635 350 1673 0
372 1616 497 1676 sodales
521 1618 654 1690 armites,
676 1620 793 1676 marina
816 1638 903 1697 gens,

247 1700 388 1759 Mandata
410 1702 536 1778 primum
557 1721 636 1760 nuno
658 1722 799 1780 suprema
822 1712 851 1761 et
874 1723 930 1765 vos
952 1725 1020 1765 mea

246 1785 391 1860 Accipite,
415 1787 508 1844 atilli
530 1786 706 1847 nuntiantes
728 1787 858 1847 reddite:

247 1867 338 1928 Istum
359 1871 498 1947 puellum
524 1874 613 1931 ducat
635 1872 675 1930 ad
697 1873 778 1932 lares
803 1892 901 1948 meos,

246 1953 375 2014 Eriboea
395 1956 535 2015 utillum
558 1958 669 2030 videat,
690 1965 720 2015 et
742 1957 869 2017 Telamo
891 1967 988 2036 pater,

245 2037 283 2096 Et
302 2040 345 2099 eis
369 2049 513 2101 senectae
535 2042 621 2100 dulce
643 2042 775 2101 lenimen
797 2042 873 2115 fuat,

248 2122 301 2181 Vel
323 2126 420 2184 donec
442 2127 515 2186 Oroi
537 2135 616 2184 tecta
638 2127 699 2185 sint
722 2128 803 2185 nacti
822 2127 923 2187 inferi.

248 2206 307 2266 Ulli
331 2230 390 2269 nec
413 2231 497 2269 arma
519 2212 736 2286 praemiatorcs
760 2231 828 2271 mea
930 2277 932 2286 Α

246 2290 386 2354 Ponunto
409 2296 546 2371 Achivis,
568 2316 624 2355 nec
644 2317 744 2357 meum
767 2317 907 2378 magnum
930 2297 1051 2356 malum.

245 2380 283 2436 At
306 2382 376 2458 ipse
397 2401 470 2441 vero
489 2383 654 2459 Eurysace,
674 2393 707 2440 tu
729 2384 944 2462 cognominem,
1187 2455 1190 2462 Δ

246 2462 282 2521 lit
299 2467 474 2526 crebriloris
498 2468 648 2547 pensilem
669 2469 797 2528 amentis
820 2476 947 2544 quatens
1158 2469 1209 2523 575

245 2551 408 2628 Apprende
417 2552 554 2630 clypeum
564 2552 642 2610 hunc
657 2571 864 2631 praegravem,
874 2561 904 2612 et
918 2553 1156 2632 septemplicem.

248 2631 417 2694 Sed'arma
439 2656 554 2695 mecum
575 2648 802 2699 concremantor
827 2646 955 2696 caetera.

246 2716 328 2780 Heus
352 2730 386 2780 tu
407 2721 575 2798 properiter
596 2723 735 2782 manibus
758 2725 837 2782 hunc
859 2740 985 2798 puerum
1008 2740 1095 2800 cape,

245 2801 282 2861 Et
297 2806 421 2865 ianuam
441 2807 531 2880 obde,
550 2807 692 2882 nullaque
709 2809 758 2865 hic
782 2807 884 2883 pelam
903 2806 970 2862 iace

245 2886 400 2950 Lamenta.
423 2892 511 2950 valde
531 2900 578 2950 est
597 2893 719 2950 fletuum
741 2892 848 2950 mulier
871 2890 990 2952 lubens.
1158 2893 1210 2949 580

246 2972 337 3049 Operi
358 2977 464 3049 forem,
487 2977 618 3051 inquam.
640 2977 721 3039 haud
742 2978 820 3036 5555
841 2975 964 3034 medens
978 2994 1012 3034 se
1026 2975 1158 3052 postulat

246 3055 375 3120 Carmen
398 3062 531 3120 secando
554 3062 672 3120 vulneri
693 3062 913 3120 incantassere.

246 3139 298 3202 ch.
338 3145 572 3222 Properantiam
593 3146 683 3205 istam
706 3146 866 3205 inaudiens
889 3144 982 3203 metui
1001 3143 1090 3202 male.

245 3224 309 3287 Nec
331 3250 379 3289 me
397 3240 540 3308 asperata
562 3231 666 3309 lingna
687 3232 818 3290 delectat
836 3239 896 3288 tua.

245 3310 314 3373 Teo.
335 3314 425 3388 Quod
446 3316 539 3389 istud,
561 3316 652 3390 Aiax,
677 3326 776 3375 mente
798 3315 912 3374 moliris
933 3312 1067 3374 malum?
1158 3315 1210 3369 585

245 3397 292 3458 Ai.
334 3399 384 3458 Ne
407 3419 454 3458 me
477 3401 626 3479 rogassis.
648 3401 774 3478 pulchre
796 3418 845 3459 res
869 3398 1017 3458 modestis
1040 3405 1096 3460 est.

246 3478 315 3542 Teo.
337 3485 436 3561 Quam
458 3487 578 3563 pendeo
600 3487 709 3547 animi!
732 3485 792 3546 Sed
815 3504 870 3564 per
889 3502 944 3560 ego
965 3491 994 3541 te
1015 3481 1142 3558 liberos,

245 3565 283 3624 lit
301 3588 355 3645 per
374 3569 460 3630 Deos
485 3573 632 3644 obtestor,
654 3571 734 3629 haud
756 3589 814 3629 nos
835 3568 967 3646 produis.

245 3651 292 3709 ni.
336 3655 404 3712 Vah
427 3657 529 3715 enicas
552 3676 610 3729 me,
632 3656 755 3713 mulier:
779 3674 818 3712 an
839 3654 953 3726 nescis,
975 3653 1052 3712 Deis

246 3732 364 3797 Debere
387 3740 500 3798 nullum
524 3742 584 3799 iam
606 3760 653 3798 me
675 3741 816 3798 honorem
840 3739 1030 3798 obnoxium?
1157 3741 1209 3796 590

245 3817 315 3882 Τ55.
343 3824 427 3884 Β555
443 3827 585 3884 ominare.
671 3825 720 3886 Ai.
747 3825 851 3885 Affare
864 3821 1155 3968 qggs‘persuudeas.
