3000 4725
794 606 833 664 92

355 774 435 849 Quid
455 774 536 832 nivei
557 792 670 846 moros,
696 794 851 851 annosque
872 776 1019 834 modestia
1038 795 1173 852 praecox

354 862 435 919 Ante
456 859 576 931 volans,
598 859 672 935 quid
693 862 819 921 serietas
843 861 988 918 maturior
1011 880 1101 933 aevo,

353 950 416 1005 Aut
438 944 510 1018 quid
530 944 659 1021 virginei
681 945 766 1005 dotes
786 964 923 1003 meruere
943 946 1089 1021 pudoris?

356 1029 469 1091 Omnia
492 1038 562 1088 sunt
585 1030 721 1106 ingrata3
748 1049 805 1087 nec
826 1030 922 1088 ullum
940 1030 1038 1107 gratia
1058 1050 1173 1088 morum

354 1115 488 1190 Excipit,
507 1122 558 1172 aut
578 1115 687 1190 pietas.
714 1134 863 1192 praeceps
887 1116 973 1173 metit
992 1116 1093 1173 omnia
1111 1116 1227 1175 Fatum.

256 1222 261 1239 Ι
354 1202 397 1259 At
415 1207 446 1257 te
465 1198 596 1271 felicem,
618 1200 699 1273 quod
719 1218 810 1258 casus
828 1200 944 1277 fugaris
965 1219 1085 1273 omues,

355 1283 445 1357 Quod
466 1304 528 1343 non
550 1284 683 1342 invidiae
704 1285 847 1362 contagia
869 1286 1003 1343 senseris
1023 1285 1096 1357 ulla,

356 1368 448 1445 Quod
471 1388 538 1427 cum
559 1368 696 1427 Fortuna
715 1370 871 1427 minimum
890 1370 1095 1428 contraxeris:
1119 1379 1150 1428 et
1167 1379 1196 1428 te

354 1454 524 1512 Immunem
546 1454 602 1511 fati
625 1454 774 1513 malefidis
797 1457 888 1513 rebus
911 1455 1083 1531 ademptum
1314 1453 1315 1530 l

356 1538 494 1599 Conditio
517 1539 627 1597 melior
651 1540 834 1598 caelestibus
859 1540 963 1597 intulit
984 1540 1084 1598 astris.
1314 1545 1315 1606 ξ

356 1622 407 1685 Sis
428 1624 513 1696 felix,
537 1624 674 1697 caelique
696 1625 812 1683 micans
834 1625 1000 1700 spectabile
1020 1625 1119 1683 sidus:
1314 1627 1315 1696 l

356 1707 506 1787 Scaligeri
527 1726 642 1767 memor
665 1718 730 1767 esto
751 1711 795 1767 tui
817 1710 946 1768 senioris
969 1710 1069 1783 amici,

355 1793 492 1853 Dimidia
513 1813 602 1868 quem
624 1802 711 1871 parte
735 1796 782 1853 sui
802 1812 882 1852 nunc
904 1796 1005 1853 vivere
1028 1796 1120 1872 cogis.

309 2006 311 2011 ,
355 1964 385 2023 8.
419 1965 594 2039 Epicadiam
616 1965 794 2033 nobilissimi,
811 1966 1045 2033 innocentissimi,
1068 1974 1096 2020 et
1116 1965 1263 2022 doctissimi
1314 1971 1315 1992 ¹

577 2050 653 2105 Iuni·
669 2050 789 2107 Dausac
809 2068 829 2104 a
849 2049 1045 2123 Noordmyclc.

355 2131 527 2189 Dousiades
550 2134 657 2191 Musae
682 2133 767 2208 (quid
790 2133 869 2189 enim
889 2132 949 2190 nisi
969 2132 1070 2190 flebile
1089 2134 1216 2209 restatl)
1314 2127 1315 2162 l

398 2216 549 2274 Laetitiae
571 2218 679 2276 vestris
701 2218 813 2275 demite
835 2218 923 2294 signa
945 2216 1047 2275 comis.

355 2300 545 2359 Frondcntes
570 2302 676 2362 ederas
698 2303 780 2362 tristi
799 2310 912 2361 mutate
932 2321 1090 2380 cupressu,

400 2386 533 2445 Tondite
555 2387 676 2446 funesta
695 2396 823 2464 pectora
843 2389 925 2445 nuda
944 2407 1045 2445 manu.

357 2471 479 2543 Omnis,
499 2490 576 2545 quae
597 2472 722 2532 Dousae
746 2473 884 2531 nascenti
905 2473 1062 2550 plauserat
1084 2470 1169 2545 olim,

399 2556 553 2630 Exequias
576 2557 703 2617 Dousae
725 2560 815 2616 turba
832 2558 1006 2632 frequenter
1026 2564 1084 2614 eat.

355 2640 497 2718 Lugduni
520 2642 621 2715 sedes,
645 2652 675 2701 et
697 2643 770 2701 culti
789 2662 877 2701 sacra
901 2644 1024 2720 Lycaei,
1138 2643 1262 2721 [leporii]

399 2727 440 2784 Et
462 2727 547 2784 varia
566 2728 704 2805 insignes
723 2729 807 2786 urbis
827 2729 866 2786 ab
885 2738 950 2785 arte
970 2728 1037 2799 viri,
1130 2750 1133 2755 ·

356 2811 502 2888 Aspirate
521 2813 598 2871 mais
623 2813 808 2871 accentibus.
827 2814 924 2871 omnis
947 2813 1049 2871 acerbi
1314 2828 1315 2923 p

316 2934 320 2942 ‹
363 2913 367 2918 ’
398 2897 541 2955 Vulneris
566 2898 707 2975 indignas
730 2899 883 2972 praeferat
904 2917 955 2955 ore
978 2906 1078 2957 notas.

217 3031 220 3038 .
302 3057 303 3062 η
355 2981 501 3041 Publicus
523 2983 660 3042 incessat
681 2983 763 3040 dolor
785 2983 934 3042 omnibus.
960 2983 1070 3042 occidit
1091 2981 1146 3040 ille

398 3066 510 3125 Vester
531 3086 624 3139 amor,
647 3068 741 3126 vestri
762 3086 897 3126 summus
924 3068 1047 3126 honoris
1067 3086 1156 3143 apex.

357 3151 501 3226 Quaeque
521 3152 587 3211 dies
599 3152 746 3224 Dousam,
765 3152 877 3211 mundo
897 3171 1012 3227 quoque
1031 3153 1134 3209 lumen
1148 3152 1263 3222 ademit,

398 3234 549 3296 Noctibus
574 3237 740 3296 innumeris
764 3237 879 3314 nigrius
904 3256 980 3295 ausa
1002 3238 1099 3295 nefas.

356 3319 434 3378 Dira
453 3320 529 3394 dies,
551 3343 613 3382 non
635 3330 666 3381 te
685 3322 782 3380 nitido
803 3322 950 3397 produxit
974 3322 1107 3398 Olympo

398 3405 496 3462 Vecta
514 3408 657 3483 pruinoso
677 3407 851 3466 Memnonis
874 3426 934 3465 axe
956 3427 1083 3484 parens:
1109 3400 1113 3408 ⁸

357 3487 420 3550 Sed
438 3491 494 3548 tibi
515 3491 602 3549 triste
623 3493 710 3551 iubar
731 3492 918 3569 pallentibus
943 3490 1186 3572 exsultiumbris

400 3574 548 3634 Tartareo
573 3578 662 3653 peplo
681 3598 745 3636 nox
765 3577 909 3653 adoperta
928 3586 1027 3653 caput,

356 3658 406 3718 Ne
427 3660 508 3719 foret
528 3661 591 3718 ulla
613 3662 688 3735 dies,
712 3683 776 3721 non
796 3663 844 3719 cui
867 3662 951 3720 dedit
970 3662 1053 3721 Allia
1074 3680 1198 3733 nomen,

381 3743 496 3818 ¹Quam
520 3745 706 3806 detestentur
727 3746 946 3824 publica'vota
969 3747 1076 3824 magis.

357 3827 477 3908 Quippe
500 3831 573 3908 quid
593 3832 673 3890 inter
692 3841 739 3891 tot
757 3832 912 3908 signantes
931 3840 1069 3909 tempora
1091 3831 1187 3902 luces,
