3000 4725
583 525 606 566 ο

637 675 789 772 *Q-

245 839 421 924 Κληματίς.
438 839 546 924 Ἀμμε
562 838 654 924 μύκαι
668 864 703 924 γε
721 841 871 906 Λάκαιναι
887 839 1025 922 τίκτυρες
1044 835 1167 919 ἄνδρας.

243 923 370 990 Κοῖλον
396 923 494 994 ἔδειξε
514 924 619 994 ποδός.
643 923 705 990 Καὶ
723 925 867 1010 κύντερον
885 922 963 989 ἄλλο
982 919 1053 986 ποτ’
1068 917 1167 1005 ἔτλης.

243 1007 334 1074 Κυντ
349 1013 364 1028 ”
389 1011 487 1072 πλεῖν.
511 1005 565 1078 Εἰς
581 1009 635 1092 τὴν
657 1008 834 1095 Πυρραίων,
858 1005 891 1072 εί
907 1031 935 1072 τι
954 1005 1048 1074 κακύν
1070 1027 1116 1087 γε.
1227 1067 1239 1094 ⁸

243 1092 415 1179 Κρητιζεις
435 1095 511 1177 πρὸς
531 1089 648 1177 Κρήτα.
674 1095 775 1164 Δοκδς
795 1092 829 1157 δ’
853 1093 902 1156 ἐπὶ
921 1096 997 1156 πᾶσι
1018 1089 1167 1154 τέτυκται.

243 1176 347 1264 Κριὸς
367 1178 590 1262 ἀσελγύκεριυς.
614 1175 655 1243 Ἡ
676 1179 730 1262 μὲν
754 1177 847 1246 κλέος
866 1175 916 1326 ήε,
940 1177 992 1240 καὶ
1011 1174 1106 1260 ήσθα.

242 1260 504 1348 Κρουσιμετρεῖν.
525 1262 618 1326 Ἀλλ’
630 1262 731 1328 οδδέἰ
742 1261 869 1349 βοῦςφθ
887 1258 1168 1344 γξαιτο,τιθοίμην.

242 1344 457 1432 Κυκλοβόρου
482 1348 581 1430 φωνή.
604 1344 695 1412 Κακά
718 1347 833 1432 κέρδεα
854 1345 909 1410 ἶσα
931 1345 1075 1499 βλάβησι.

242 1428 456 1495 Κυκλώπειου
479 1429 613 1517 βλέμμα.
638 1429 842 1505 Κανωπίξειν.
866 1427 986 1515 Κριύμυ
1005 1451 1048 1498 ος.

242 1513 445 1601 Κωφύτερος
464 1516 580 1601 κίχλης.
606 1513 672 1580 Μία
695 1517 802 1600 μάστιξ
824 1516 939 1584 πάντας
962 1513 1095 1578 ἐλαύνει.

243 1600 347 1664 Λεῖπέ
371 1623 400 1662 τι
421 1602 472 1664 καὶ
492 1601 630 1670 ξείνοισιν
654 1600 885 1686 ἐπερχομένοις.
910 1599 1004 1664 Λίθον
1024 1599 1118 1681 ἑψεῖς.

243 1685 391 1768 Λέμιρος.
411 1682 514 1767 Κήποι
535 1683 716 1754 Ἀδώνιδος.
736 1683 955 1770 Ἀρχιλύχειυς
975 1681 1114 1764 ἀλώπηξ.

243 1769 385 1836 Λούσεις
404 1771 455 1832 τὸν
477 1766 602 1833 Πελίαν.
627 1766 672 1834 Οὐ
695 1767 805 1854 Μῆδος
826 1773 921 1833 ταῦτα
944 1766 1083 1852 φυλάξει

244 1853 354 1919 Λυδὸς
378 1851 497 1916 ἔκλεισε
517 1853 624 1939 θύραν.
650 1853 746 1922 Ξένος
766 1852 866 1931 ἔλθοι,
896 1852 978 1920 ὅστις
998 1851 1112 1933 ἀνήσει.

244 1937 365 2000 Λύδιον
389 1935 482 2020 ἅρμα.
507 1935 566 2002 Τδν
592 1937 671 2002 οίκοι
691 1939 851 2086 θησαυρὸν
878 1938 1063 2083 διαβάλλεις.

244 2022 468 2104 Λωτοφαγεῖν.
486 2021 531 2084 ”A
556 2045 609 2105 μες
631 2024 666 2086 δὲ
686 2022 787 2086 δέκα(
821 2021 901 2086 ύδιοι
946 2019 1100 2089 έκανᾶες.

244 2103 426 2188 Μαγνήτων
449 2105 501 2169 καὶ
540 2103 565 2167 ἐ
585 2108 697 2190 μορίων
721 2110 810 2173 κακά.
831 2104 948 2190 Κάμμα
969 2103 1116 2189 πονηράν.

245 2187 385 2254 Μᾶλλον
407 2191 424 2252 ὁ
448 2189 542 2274 Φρύξ.
566 2128 633 2254 Μλά
655 2215 692 2275 ης
714 2193 845 2278 βαπτίζῃ
870 2189 1045 2272 πνεύματος
1064 2186 1169 2256 ἀσκύτ.

246 2272 482 2358 Μανδραγύρην
505 2273 597 2343 ἔπιες.
649 2283 744 2363 τωχιβ
768 2278 853 2362 φίλοι
878 2275 952 2342 οὐδὲ
970 2277 1088 2356 τοκήες.

245 2357 370 2427 Μάντις
391 2359 553 2443 ἀρουραία.
578 2359 820 2446 Φιλοτιμύτερος
840 2358 1057 2444 Κλεοφῶντος.

246 2442 422 2528 Μαργίτης.
444 2441 591 2528 Κρονικαὶ
611 2448 717 2553 λήμαι.
740 2447 849 2531 Λημᾷν
870 2443 1066 2511 κολοκύντας.

246 2526 431 2592 Μειλανίων
456 2531 602 2613 σώφρων.
654 2530 783 2611 Α[ι]δου
807 2535 941 2616 πρωκτῷ
960 2528 1161 2613 περιπίπτοις.

246 2610 303 2696 Μὴ
313 2612 1022 2699 πρδφακῆςλοπάδαύξε.Βάκηλος.Χάρμαπυ
1044 2611 1170 2678 αύστου.

247 2695 304 2781 Μὴ
330 2695 368 2759 σὺ
393 2697 584 2781 μελαμπύγιρ
603 2700 803 2782 περιπίπτοις.
826 2697 995 2782 Κάρδαμον
1020 2635 1133 2761 έσθειν.

247 2780 339 2865 Μήτι
358 2802 393 2862 γε
415 2782 510 2844 καλὸν
533 2783 663 2867 ἀδελφῷ
686 2788 753 2847 σοῦ.
781 2782 1014 2865 Μαλακώτερον
1038 2781 1145 2844 ύπνυυ.

248 2864 304 2948 Μὴ
332 2866 385 2927 τὸν
409 2865 469 2928 ἀπὸ
491 2871 634 2949 γραμμῆς
655 2868 729 2931 κίνει
752 2867 849 2930 λίθον.
872 2865 994 2949 Ἰσθμὸν
1018 2863 1169 2947 ὀρύσσειν.

249 2947 363 3032 Μηδὲν
386 2948 472 3029 ἀγαν.
495 2950 591 3035 Αὐτῷ
615 2956 659 3034 τῷ
683 2950 796 3036 μέτρῳ.
820 2950 924 3015 Γνῶθι
946 2950 1086 3013 σεαυτὸν.

249 3031 379 3117 Μήλιος
399 3032 582 3118 Ἡρακλέης.
602 3032 696 3098 ’ἯτοιΙ
710 3036 825 3119 κρίνον,
845 3036 865 3119 ή
889 3032 1085 3117 κολοκύντην.

250 3115 387 3201 Μητέρα
409 3118 457 3180 σοὶ
479 3118 589 3203 ταύτην
614 3119 680 3183 δίδο
701 3128 748 3183 ἀι.
774 3117 882 3183 Πλατα
908 3123 924 3137 ”
943 3118 1129 3200 δοκιμάσειε.

250 3198 375 3284 Μικρὸς
397 3202 446 3264 ἀεὶ
468 3204 520 3271 σδς
541 3206 655 3272 πῶλος.
676 3145 863 3285 ’Μλεύθεραι
882 3142 970 3284 ἀώγες
989 3201 1140 3286 ἀρότρων.

251 3282 366 3350 Μῦθον
382 3284 453 3369 ὄνῳ.
477 3284 629 3372 Ὀλέθρου
644 3288 889 3371 δὀύδεὶςλύγος.
911 3285 1170 3369 Ἀντιπελαργεῖν.

250 3368 324 3434 Μῦν
347 3369 473 3455 ἐλέφας.
498 3370 649 3455 Χαμύθεν
670 3372 719 3436 ίνα
741 3372 872 3454 τέττιγες
893 3372 1043 3448 ἀείδουσι

252 3452 325 3523 Μῦς
348 3456 468 3523 λευκὸς.
491 3454 594 3524 Νύσος
612 3455 653 3521 Ἡ
674 3458 807 3525 άκλειος.
829 3456 927 3541 >Ανήρ
950 3456 1106 3542 ἐλάφειυς.

252 3536 446 3623 Μωρύτερος
463 3539 623 3626 Μορύχου.
648 3481 792 3625 ἕκαμβδν
810 3541 899 3610 ξύλον
915 3537 1170 3625 οὐδέποτ’δρθόν.

253 3622 368 3709 Μωρῷ
382 3626 433 3688 καὶ
447 3625 569 3709 βασιλεῖ
579 3624 674 3708 νόμος
696 3624 846 3710 ἄγραφος.
867 3621 922 3689 Ἐκ
935 3624 1027 3688 πίθου
1042 3624 1170 3692 ἀντλεῖς.

255 3706 560 3793 Νεκρδνμαστίίεις.
579 3710 693 3775 Ἄλλοι
714 3710 825 3793 κάμον,
851 3709 942 3773 ἄλλοι
965 3708 1084 3776 ὅναντο.

255 3790 423 3877 Νηφάλιος
443 3794 547 3857 θυσία.
572 3793 688 3858 Θυσίαν
713 3795 743 3856 οἱ
765 3792 885 3878 Κρῆτες
907 3793 1045 3876 ἄγουσιν.

256 3873 321 3941 Νῦν
346 3879 390 3947 είς
410 3880 516 3963 χώραν
536 3878 625 3963 ήλθε.
650 3876 844 3964 Προβάλλειν
865 3883 930 3947 τοῖς
950 3878 1035 3942 κυσὶν
1057 3876 1162 3963 ἄρνας.
