3000 4725
635 632 787 728 ..Q

497 792 534 860 El
554 796 606 859 καὶ
628 796 786 880 τηλοτέρω
807 794 941 879 Meuius·
1070 798 1168 883 ζ(57)

249 884 297 943 Tu
317 884 395 943 lieet
414 884 541 944 ulterius
561 885 689 944 Meroen
710 884 841 963 vestigia
859 884 951 961 ligas:

289 968 371 1027 Illuc
392 969 552 1048 pinnigero
571 976 676 1029 rectus
697 973 812 1029 Amore
833 970 922 1029 furer.

248 1052 360 1130 Tuque
382 1062 471 1131 petas
494 1063 591 1127 ortus,
610 1073 687 1129 quus
711 1055 857 1114 eoneolor
874 1054 970 1113 inficit
991 1055 1065 1128 llos,

287 1138 468 1199 Immodieis
489 1140 596 1215 spatiis
618 1141 668 1197 vel
688 1140 782 1216 pedes
805 1157 901 1214 usque
921 1158 1039 1215 sequar.

247 1220 315 1281 Nee
337 1224 442 1283 minus
464 1224 534 1298 hoc,
554 1224 636 1299 quod
661 1224 709 1296 do,
732 1224 819 1283 nobis
842 1224 963 1301 planare
985 1225 1102 1283 marino

287 1309 439 1367 Munerer
460 1328 592 1387 namque
614 1310 670 1368 tibi
692 1310 748 1368 hoe
768 1310 827 1367 fert
851 1308 954 1368 Venus
973 1318 1039 1367 orta
1057 1309 1148 1367 mari:

247 1389 333 1465 Quae
355 1394 479 1466 abiecit,
501 1412 697 1469 quaeeunque
717 1394 775 1453 fuit
796 1394 905 1452 fiducia
927 1394 1059 1453 formae:

288 1481 396 1555 Atque
417 1480 517 1538 nitore
536 1487 587 1537 tuo
610 1479 662 1537 dat
682 1480 739 1538 tibi
760 1479 840 1538 vieta
862 1497 979 1539 manus.

503 1640 695 1727 'Opimi-pol,
717 1644 769 1707 τέο
794 1642 910 1727 μέχρις.
1074 1646 1168 1727 ζ(58)

248 1730 326 1807 Quis
349 1732 470 1804 modus,
493 1752 512 1790 ο
536 1732 627 1805 oculi,
650 1733 780 1791 ducendi
802 1740 906 1791 nectar
926 1733 1072 1797 Amorum

290 1814 373 1876 Cum
393 1818 511 1876 formae
532 1817 598 1877 sitis
626 1828 673 1877 est
694 1818 777 1877 ebria
797 1818 872 1876 flore
895 1817 1002 1876 mero?

248 1902 295 1959 Ah
307 1902 422 1979 procul
433 1902 567 1980 aufugite
578 1903 649 1960 hinc
658 1911 802 1977 quantum
814 1910 895 1979 pote.
906 1900 1033 1978 cypridi
1043 1909 1167 1962 sanetae

290 1984 477 2070 :l'runquillo
498 1987 608 2045 faciam
629 1988 730 2046 sobria
751 2005 839 2046 saura
859 1988 944 2045 mari.

248 2068 302 2131 Sin
321 2072 388 2130 illie
409 2071 548 2145 furoris,
572 2072 598 2132 si
620 2091 669 2130 me
690 2073 772 2131 furor
793 2073 819 2131 is
843 2079 945 2129 manet
965 2070 1039 2143 illie,

290 2155 481 2235 Perpetuum
501 2156 614 2216 madidi
633 2157 755 2217 fletibus
777 2164 841 2217 este
861 2155 949 2230 meis,

250 2238 416 2301 Solventes
436 2260 555 2318 poenes
576 2243 681 2300 merito
701 2262 756 2320 pro
778 2242 913 2315 erimine,
939 2241 1061 2318 quaudo

292 2326 344 2388 Ob
366 2344 422 2386 vos
441 2326 473 2384 in
497 2335 613 2386 tantum
634 2328 782 2387 crevimus
801 2327 880 2406 ignis
902 2344 989 2405 opus.
1060 2330 1063 2339 “

521 2490 706 2574 Ἱππομένην
729 2492 893 2578 φιλέουσα.
1073 2495 1167 2575 ζ(ῦ9)

249 2575 480 2659 Hippomenem
496 2581 654 2641 ardebam:
671 2583 702 2640 in
714 2590 851 2640 tenerum
866 2600 952 2640 mens
967 2599 1056 2641 versa
1067 2582 1168 2640 Lean·

913 2666 998 2724 drum
1020 2674 1076 2726 est.

291 2749 330 2808 In
351 2749 446 2807 labris
470 2749 598 2808 haerens
618 2750 693 2822 fixa,
714 2750 866 2822 Leandre‚
891 2751 963 2822 tuis,

251 2831 411 2893 Xanthum
424 2842 524 2892 mente
537 2854 621 2911 gero.
643 2835 799 2894 Xanthum
815 2834 976 2911 complexa
987 2833 1167 2908 fovensque,

293 2918 517 2996 Hippomenem
539 2919 642 2978 reduci
665 2919 785 2996 perdite
806 2919 897 2978 eorde
919 2923 999 2994 peto.

251 2999 452 3064 Praesentem
474 3004 566 3082 fugio,
591 3003 643 3065 Sie
663 3004 846 3064 alternantia
868 3021 988 3080 semper

294 3092 397 3164 Atque
416 3088 508 3147 alium
530 3098 621 3165 atque
643 3089 735 3147 alium
757 3089 882 3150 brachia
902 3094 1008 3148 nostra
1029 3086 1126 3146 virum

252 3167 358 3232 Ditem
370 3173 488 3232 inhiant
498 3175 659 3233 Venerem.
676 3173 762 3248 Quod
774 3174 871 3249 siqua
884 3173 957 3232 mihi
968 3172 1073 3231 obiieit
1081 3171 1167 3244 illud,

294 3258 433 3318 Haereat
453 3259 530 3317 haee
552 3261 605 3317 uni
625 3277 742 3336 pauper
764 3260 915 3337 inopsque
939 3257 1015 3318 viro.

577 3421 620 3487 Τὸ
645 3421 743 3505 στόμα
761 3426 835 3491 ταῖς.
1071 3427 1167 3504 ζ(60)

255 3509 300 3571 Os
325 3509 481 3572 Obaritum
500 3512 665 3585 illecebris,
684 3518 716 3569 at
737 3511 869 3572 frontem
891 3512 1017 3573 floribus
1042 3531 1145 3572 ornes.

295 3597 457 3658 Exornent
477 3598 615 3656 Veneres
635 3595 761 3670 lumina,
785 3593 897 3672 plectra
919 3617 1051 3658 manum.

254 3678 418 3742 Praedaris
439 3683 525 3743 visus
549 3682 658 3755 oeulis,
678 3681 851 3742 accentibus
874 3701 977 3755 aures;

295 3766 433 3827 Venatur
451 3768 577 3827 iuvenes
600 3784 671 3844 pars
693 3775 904 3843 quotacunque
924 3767 989 3827 tui?
1115 3775 1119 3786 ‘
