3000 4725
654 622 805 716 Α

271 787 359 863 Quae
380 807 472 865 saepe
494 790 675 850 solabuntur
695 792 851 868 hospitum
873 808 982 851 canum

269 875 395 934 Famem
417 875 567 933 furentem
589 876 749 949 exercitus,
774 894 841 933 eum
866 878 1005 936 venerint

271 960 407 1021 Sithonis
429 960 487 1017 nda
509 959 549 1017 ad
570 959 652 1019 filiae
672 960 794 1019 cubilia.

270 1048 371 1120 Atque
394 1063 556 1103 aenearum
574 1045 768 1119 panuclarum
788 1045 918 1105 stamine

272 1130 357 1191 Olim
378 1128 527 1188 librarunt
544 1129 605 1188 ista
624 1130 758 1208 virgines
780 1148 867 1189 anus.

271 1214 474 1292 Oeephasque
495 1222 558 1273 tum
579 1214 769 1287 Praxander,
791 1214 862 1274 ullis
884 1214 1012 1273 navibus

270 1299 346 1359 Non
370 1300 566 1376 imperantes,
588 1299 687 1376 plebis
709 1301 869 1358 obscurum
891 1317 997 1376 genus,

270 1386 311 1445 Et
331 1384 464 1461 quinque
483 1384 581 1458 quarti
602 1394 673 1460 post
693 1391 799 1462 petent
821 1392 930 1443 terram
953 1384 1029 1441 deae

272 1469 390 1547 Golgos
412 1468 554 1541 tenentis,
577 1468 626 1527 hic
643 1470 768 1529 Lacona
789 1470 956 1528 exercitum

270 1554 410 1614 Ductans
433 1552 616 1630 Therapnis,
639 1554 716 1613 alter
735 1562 836 1612 autem
857 1556 895 1612 ab
919 1554 1018 1615 Oleno

270 1640 431 1717 Dymeque
452 1637 565 1697 Buraei
586 1639 778 1715 imperato[r]
799 1640 941 1716 agminis.

269 1729 314 1785 At
334 1723 548 1801 Argyrippum,
570 1723 758 1783 Dauniornm
778 1724 963 1795 haeredium,

270 1810 321 1871 Ad
343 1808 513 1867 Ausoniten
537 1809 682 1868 excitabit
702 1808 894 1884 Phylamum,

270 1899 356 1955 Aves
378 1892 498 1952 sodales
521 1895 654 1953 membra
675 1893 846 1971 plumantes
867 1894 974 1952 videns

271 1978 357 2039 Fatis
380 1978 503 2050 amaris,
525 1979 576 2054 qui
597 1987 732 2037 natatum
756 1979 918 2053 aquatilem

270 2064 396 2141 Degent
414 2063 445 2121 in
469 2063 542 2135 alto,
565 2082 648 2123 more
672 2064 852 2140 piscantem,
875 2062 962 2135 mari,

274 2147 405 2210 Similes
417 2149 512 2225 figura
531 2148 642 2208 caesiis
667 2148 819 2207 oloribus:

272 2232 455 2307 Rostrisque
479 2251 603 2309 spumas
624 2240 811 2310 aucupantes
832 2232 971 2307 piscium,

271 2317 369 2378 Ducis
391 2317 537 2376 tenebunt
558 2317 689 2380 insulam
712 2318 937 2397 cognominem,

273 2402 507 2463 Theatriformis
530 2403 621 2480 inque
644 2404 765 2463 clitellis
788 2404 850 2480 iugi

272 2488 364 2548 Visos
387 2496 525 2548 secantes
544 2507 658 2565 perque
677 2490 837 2548 distinctas
859 2487 925 2546 vias

272 2574 388 2633 Iunctis
406 2573 554 2646 tabernis,
575 2593 633 2648 quo
655 2575 740 2650 prius
764 2573 878 2631 Zethus
900 2572 1005 2630 modo:

273 2655 429 2733 Simhlque
448 2665 555 2734 pastus
579 2666 609 2716 et
630 2658 719 2716 simul
742 2657 855 2716 cubilia

270 2743 375 2802 Noctu
396 2743 537 2814 rabitent,
558 2743 657 2819 gentis
680 2760 798 2799 omnem
822 2741 970 2798 barbarae

271 2827 398 2890 coetum
421 2834 574 2900 caventes,
595 2827 686 2901 inque
708 2825 894 2886 Graecorum
913 2824 1015 2901 peplis

272 2912 403 2990 Cognati
425 2919 560 2970 amantes
580 2911 678 2970 ocium
699 2905 792 2969 cicur'
804 2911 906 2970 sinus:

269 2999 424 3074 Manuque
443 2998 481 3056 ab
500 2996 654 3073 insipente
676 2996 788 3072 pultem
808 2995 931 3071 prandii

271 3082 374 3143 Offam
397 3081 541 3159 polentae
564 3081 705 3141 blandum
731 3080 891 3139 adulantes
913 3078 1014 3148 edent,

269 3168 361 3227 Vitae
380 3166 492 3243 prioris
512 3186 575 3226 non
600 3167 697 3225 adhuc
716 3165 830 3224 oblivii.

268 3252 383 3312 Verum
404 3252 558 3311 Liburnae
579 3252 699 3324 vulnus,
720 3249 833 3310 erroris
856 3247 926 3326 vagi

268 3337 338 3397 Erit
357 3337 577 3411 minaciumque
602 3355 695 3396 causa
716 3336 862 3405 luctuum,

267 3421 392 3482 Proem
414 3423 518 3481 virosa
538 3439 605 3480 cum
628 3420 764 3479 catulliet
783 3419 859 3495 lupa

267 3506 359 3567 Asilo
375 3507 498 3578 amoris,
523 3515 552 3564 et
573 3505 707 3564 bidental
731 3505 861 3564 Nortiae

267 3591 425 3651 Defendet
444 3591 557 3668 ipsum,
577 3591 727 3650 victimam
750 3589 821 3648 novi
842 3587 930 3646 sacri.

269 3675 510 3752 Colossicusque
532 3676 564 3733 in
582 3679 740 3734 Ausonum
763 3673 932 3752 pomoeriis

269 3760 376 3833 Stans,
397 3762 485 3820 fabra
507 3761 595 3823 sistet
616 3761 749 3818 mambra
774 3777 867 3819 saxeo
891 3775 984 3834 super

269 3844 449 3923 Campsoris
470 3845 696 3909 Architectonis
717 3842 892 3915 statumine,
