3000 4725
591 646 743 739 2³3..

229 809 276 869 cni
296 814 420 890 gratiam
444 814 523 873 sacri
545 834 653 873 novam
674 812 882 873 redandruans

226 895 459 961 Nefrondiuosus
482 898 660 973 Esquilinus
684 899 810 971 Lucius,

226 981 309 1040 Leoni
331 984 468 1059 adempto
489 984 629 1061 prandio,
647 983 808 1059 implicans
827 982 922 1054 rubis,

227 1064 355 1145 Segetem
377 1069 491 1127 vetabit
512 1070 629 1128 eruisse
648 1068 786 1127 funditus

226 1151 310 1211 Vasto
332 1153 441 1213 molari
464 1154 641 1229 matriisque
662 1151 849 1229 querqueris.

226 1234 313 1296 Cerno
336 1257 496 1314 sequacem
518 1239 578 1295 iam
601 1256 747 1314 napuram
769 1237 903 1298 luctuum

224 1322 293 1379 Mari
312 1323 479 1381 trahentem
504 1331 535 1381 et
556 1330 768 1385 consonantem
790 1322 908 1399 patriae

225 1406 313 1467 Minas
336 1408 455 1467 feroces
479 1417 509 1465 et
530 1408 679 1467 malorum
700 1408 851 1465 incendia.

225 1494 312 1566 Atque
335 1494 450 1552 utinam
472 1494 505 1551 in
522 1494 593 1553 lssa
615 1500 645 1551 te
667 1491 815 1552 Camillus
833 1490 935 1550 insula

225 1574 288 1635 Non
310 1587 503 1654 procreasset
523 1578 654 1637 hostium
676 1585 814 1637 nostrum
838 1578 956 1647 ducem,

226 1658 361 1736 Quartum
386 1672 484 1723 satum
509 1682 547 1721 ex
569 1662 693 1722 Atlante
717 1662 837 1722 destina
860 1661 939 1734 covi,
989 1666 992 1684 ¹

225 1746 291 1806 Tuis
313 1756 473 1825 parantem
497 1748 609 1806 damna
629 1748 767 1824 cognatis
787 1746 905 1823 Prylin‚

226 1828 317 1910 Sagax
341 1852 477 1909 aruspex
500 1852 571 1891 vere
592 1832 630 1889 ad
652 1832 757 1891 omnia
779 1832 910 1908 optima:

223 1913 364 1995 Paterque
380 1918 476 1976 iussis
498 1918 611 1983 Aesaci
633 1917 760 1974 fanatici

223 1998 287 2061 Non
310 2004 516 2079 improbasset
538 2003 627 2079 sigua
648 2001 746 2060 noctis
771 2000 885 2071 arcula,

224 2083 355 2148 celasset
377 2107 438 2146 uno
460 2087 611 2167 sed-duos
630 2106 687 2163 pro
708 2087 808 2162 patria

223 2168 302 2246 Fato,
323 2192 471 2249 perurens
494 2173 630 2230 membra
649 2172 777 2229 Lemnio
799 2188 885 2247 rogo.

223 2255 288 2316 Non
311 2267 357 2318 tot
380 2258 530 2317 malornm
552 2276 632 2315 nnnc
653 2255 789 2333 procella
812 2261 958 2333 surgeret

223 2338 398 2403 Portumnus
424 2363 461 2402 eu
485 2349 588 2400 cernet
608 2341 788 2401 nefrendnm
811 2340 946 2400 carnifex

224 2426 344 2490 Fervere
369 2430 480 2505 mergis
506 2427 712 2504 spartisirpeis
737 2446 828 2484 anum

225 2511 325 2572 Glauci
346 2513 473 2574 Terenti
496 2513 650 2589 coniugem
672 2513 834 2570 'litaniam

224 2596 281 2656 lam
299 2600 361 2659 duo
385 2606 532 2656 necantur
555 2616 622 2654 oum
644 2606 770 2674 parente
792 2597 930 2672 pignera,

225 2681 369 2744 Humeros
393 2683 498 2742 molari
520 2682 643 2740 coolaca
667 2682 764 2739 fracto
787 2680 897 2738 Ducis:

224 2767 301 2840 Quae
324 2768 480 2830 sabulonis
503 2775 648 2842 apparata
670 2767 810 2842 fugerant

223 2852 312 2914 Vanis
334 2852 464 2929 loquelis
488 2852 568 2909 alvei
591 2850 777 2921 discrimina,

224 2936 275 2996 Oui
296 2946 406 2997 cuncta
429 2936 554 2994 credens
579 2935 632 2994 ille
656 2943 750 2994 tortor
772 2933 911 3001 liberbm,

223 3023 392 3101 Mergorum
417 3023 568 3092 alumnus,
597 3021 786 3097 pisculentae
807 3013 958 3090 compedis

223 3106 349 3181 Praeda,
373 3107 483 3166 ostreis
500 3105 657 3182 valgisque
677 3104 794 3162 Naritis
816 3118 931 3172 comes,

224 3191 311 3252 Fetus
335 3192 484 3269 gemellos
505 3189 594 3249 clusit
615 3210 676 3248 uuo
699 3189 865 3266 ploxeno.1

226 3275 358 3353 Cumque
377 3277 423 3334 his
449 3277 545 3334 miser
563 3294 625 3333 non
647 3274 751 3332 matris
775 3273 936 3330 advertens
955 3266 1030 3324 deae

224 3357 390 3438 Praecepta
410 3363 566 3432 Mnemon,
593 3359 648 3418 sed
671 3367 797 3418 veterno
821 3354 962 3424 oblivim,

226 3445 347 3524 Suppus
370 3447 534 3517 recumbet,
554 3452 663 3521 peetus
688 3462 762 3501 ense
786 3441 917 3500 saucius.

225 3529 313 3590 Nunc
334 3551 414 3589 nuno
433 3530 526 3608 gemit
543 3529 673 3604 Myrina,
698 3546 779 3585 nunc
799 3522 1010 3603 praesentiunt

225 3614 384 3678 Hinnitum
408 3633 550 3691 equorum
568 3613 719 3688 ,littorales
739 3611 904 3688 margines,

225 3699 284 3760 Ubi
306 3701 471 3777 Pelasgum
492 3700 626 3758 lubricae
646 3698 756 3758 saltum
777 3696 873 3772 pedae

226 3785 355 3846 Librans
376 3785 528 3862 crepidine
550 3784 657 3842 ultima
677 3783 811 3840 fremens
832 3781 922 3856 lupus

228 3869 333 3930 Fontis
355 3871 469 3930 creabit
492 3890 508 3926 e
532 3869 658 3928 saburra
677 3867 837 3944 gurgitem,

892 3973 931 4035 22
