3000 4725
789 646 830 707 98

352 814 467 873 Rumor
483 816 520 873 ab
545 832 655 874 occasu
679 814 756 873 caeli
777 814 895 874 delatus
920 814 959 871 od
978 822 1088 888 orbum,

353 898 400 957 Te
422 899 540 958 nescire
562 906 680 973 vetans,
702 898 784 958 claro
809 900 891 975 quod
911 897 1019 977 Belgis
1040 901 1163 975 planctu

352 982 476 1043 Nesciri
497 984 643 1059 prohibet,
666 1003 723 1043 nec
744 1003 818 1043 mox
835 986 959 1058 Europe
980 984 1091 1043 silebit.

287 1080 290 1087 “
352 1067 433 1127 Nam
457 1069 550 1127 veluti
569 1069 669 1147 magni
691 1069 782 1127 Titan
800 1069 852 1127 fax
872 1068 991 1145 publica
1012 1071 1117 1128 mundi

352 1152 426 1213 Non
447 1172 481 1211 ee
503 1153 595 1213 celari
616 1155 737 1230 patitur,
760 1154 887 1228 visuque
906 1154 1007 1213 notari

312 1266 317 1273 ·
353 1236 395 1299 Se
418 1238 516 1311 docet,
538 1239 665 1297 infernis
689 1238 738 1297 vel
760 1257 828 1296 cum
851 1257 906 1297 sua
927 1238 1043 1297 lumina
1064 1240 1154 1298 terris

352 1322 502 1399 Explicat,
525 1324 663 1399 opposita
681 1324 730 1381 vel
750 1342 816 1381 cum
840 1332 931 1401 negot
950 1324 1004 1380 ille
1025 1342 1149 1382 sorores

353 1406 405 1468 Sic
425 1408 477 1483 qui
498 1408 566 1466 luce
587 1428 643 1467 sue
662 1427 804 1486 magnum
825 1409 1003 1483 complexus
1027 1407 1192 1485 Olympum

352 1492 390 1550 In
409 1511 443 1551 se
464 1493 602 1553 mirantis
624 1493 708 1551 visus
732 1494 903 1551 adverterat
922 1493 1017 1566 orbis,

352 1576 518 1653 Lipsiaden
538 1585 620 1635 tanto
641 1576 778 1636 defectae
800 1577 867 1637 sole
887 1578 1055 1654 requirunt,

353 1661 437 1737 Ques
458 1663 550 1721 virus.
563 1662 659 1721 nitido
680 1662 812 1737 perfudit
828 1663 941 1721 lumine
962 1670 1080 1739 gentes,

353 1747 518 1821 Postquam
540 1748 600 1805 tale
621 1748 708 1806 iubar
728 1748 858 1806 flammis
877 1748 998 1825 insigne
1017 1747 1154 1806 coruscis

352 1832 507 1891 Irradiane
530 1840 664 1892 nostrum
689 1832 810 1908 scriptis
829 1832 999 1891 illustribus
1014 1850 1122 1890 aevum

353 1916 501 1975 Maerenti
525 1917 635 1975 mundo
655 1937 714 1975 nox
735 1917 895 1993 intercepit
917 1918 1031 1976 oborta.

351 1999 423 2060 Non
445 2002 490 2061 sic
514 2003 642 2061 obscuro
664 2003 824 2061 confundit
845 2003 958 2061 lumine
980 2000 1088 2078 vulgus

351 2086 534 2146 Incumbens
557 2088 689 2145 tenebris
713 2087 836 2146 excluso
857 2087 949 2146 Delia
967 2087 1070 2157 fratre,

351 2170 395 2229 Ut
415 2188 494 2228 nunc
514 2172 630 2246 sopitus
655 2171 798 2231 decorum
820 2173 958 2231 studiosa
977 2171 1129 2242 iuventus,

351 2255 393 2313 Et
410 2255 494 2313 velut
516 2255 610 2315 elatos
635 2256 666 2313 in
685 2257 784 2331 Lipsii
804 2257 911 2315 funere
932 2255 1016 2333 luget

350 2339 471 2418 Ingenii
489 2359 573 2399 roras
597 2340 713 2418 magnis
737 2361 804 2400 cnm
825 2342 947 2402 dotibus
967 2348 1057 2400 artes.

352 2423 414 2485 Sed
436 2444 491 2484 sua
516 2423 571 2486 Sol
593 2434 723 2501 reparat,
744 2435 866 2503 reparat
886 2425 1046 2502 dispendia
1066 2423 1209 2484 Phoebe:

349 2509 442 2568 Illmn
462 2518 526 2568 tuta
547 2511 632 2586 quies
659 2511 801 2571 reducem
820 2533 883 2571 non
901 2518 1021 2573 asseret
1038 2509 1112 2568 orbi.

347 2593 426 2663 ⁴Sola
444 2595 500 2652 viri
522 2603 637 2654 tantum
659 2616 721 2656 uon
740 2615 801 2654 una
822 2605 907 2674 parte
924 2603 1079 2672 superstes

350 2679 436 2737 Vivit
457 2679 535 2738 etin
559 2681 678 2756 scriptis
700 2683 837 2742 absentis
859 2683 954 2757 spirat
973 2681 1075 2756 imago

350 2764 540 2841 Expressom
558 2767 693 2826 referens
715 2768 858 2842 speciem,
880 2767 999 2841 vivique
1017 2764 1159 2823 colorem.

350 2850 450 2924 thue
469 2853 592 2925 patrum
611 2853 726 2910 similes
751 2853 850 2912 vultus
872 2854 904 2910 in
928 2850 1014 2926 prole
1034 2849 1185 2920 relucent3

352 2933 404 2995 Sic
428 2936 521 2993 enimi
540 2937 647 2996 niveos
671 2938 789 2996 effinxit
808 2939 919 3015 pagina
941 2953 1050 2994 mores.

350 3018 432 3078 Nam
455 3039 531 3095 quae
555 3040 661 3096 eorpus
683 3023 766 3080 iners
787 3023 884 3081 bustis
909 3021 1055 3080 feralibus
1077 3017 1179 3091 infert,

351 3103 506 3163 Terrenos
531 3106 626 3164 oculis
646 3113 760 3164 tantum
781 3125 862 3166 mors
882 3106 996 3165 invidet
1018 3113 1112 3163 artus.

350 3191 392 3249 At
412 3208 483 3264 pars
505 3191 635 3248 nobilior
657 3191 735 3248 natis
761 3191 939 3249 insaecula
958 3189 1040 3248 mille

349 3274 507 3334 Asseritur
526 3274 624 3347 libris,
646 3294 797 3350 parvaque
819 3277 852 3333 in
874 3276 1005 3352 imagine
1027 3273 1110 3332 vivit.

299 3424 307 3440 ἱ
351 3355 419 3430 Quo
441 3359 549 3434 magis,
572 3379 590 3418 o
612 3359 710 3434 Lipsi‚
735 3361 795 3418 sibi
817 3370 847 3418 te
866 3381 931 3419 non
951 3360 1053 3428 credet
1072 3357 1222 3416 edemtum

349 3441 532 3514 Posteritas‚
557 3462 623 3501 curn
644 3452 674 3501 te
696 3463 750 3518 per
770 3454 813 3503 tot
831 3446 1019 3504 monimenta
1037 3444 1200 3520 vigentem,

350 3527 470 3601 Perque
487 3533 533 3586 tot
552 3527 661 3603 eloquii
680 3529 781 3589 foetus
804 3532 920 3606 spirare
941 3529 1065 3588 videbit.
1175 3579 1179 3587 ,

349 3609 410 3684 Qui
429 3611 571 3687 quoniam
592 3614 716 3685 multos,
745 3634 822 3689 quos
842 3615 1055 3674 immoderatae
1079 3611 1181 3689 adegit

350 3694 510 3756 Scribendi
530 3697 643 3770 fervor,
665 3699 824 3774 laudisque
847 3701 945 3758 effusa
968 3697 1088 3775 cupido,

349 3781 474 3841 Viribus
494 3783 608 3858 ingenii
627 3801 763 3858 superus,
783 3802 938 3862 regnoque
955 3783 1110 3859 loquendi,

349 3866 472 3927 Iccirco·
485 3867 634 3943 quaedam
653 3868 795 3928 coelestis
818 3869 948 3948 pignora
970 3869 1080 3928 mentis
