3000 4725
613 609 763 706 „ffi-

247 772 324 838 Ἀλλ’
346 773 487 845 ἐξέπαισε
509 774 643 860 πορθμίς
663 775 786 858 ἐλατίνη
808 773 873 838 πλιί
913 819 922 836 .

244 857 324 922 Ἀλλ’
344 857 409 922 ἔστι
427 859 521 943 κᾲμοὶ
541 861 624 928 κλεὶς
647 859 696 923 ἐπὶ
716 861 845 943 γλιύσσηΙ
866 856 976 941 φυλαί.

244 941 325 1007 Ἀλλ’
347 943 516 1007 ἀντέπαισε
532 944 584 1028 τὴν
608 944 663 1008 ἐπ’
683 943 817 1028 ἄγκυραν
840 941 923 1010 θεὸς.

242 1026 346 1112 Ἄλλην
369 1029 424 1111 μὲν
452 1028 666 1112 ἐξαντλούμεν,
687 1030 706 1107 ἡ
731 1028 758 1092 δ’
782 1025 944 1110 έπεισρέει.

240 1109 371 1176 Ἀλλοισι
393 1111 531 1195 γλῶ[τ]τ’
557 1112 677 1178 ἄλλοισι
695 1114 723 1176 δ’
747 1113 806 1176 εἰσί
826 1109 964 1195 γύμφιυι.

239 1194 353 1262 Ἂλλων
377 1197 489 1282 ἰατρῶν
518 1197 610 1265 αὑτδς
636 1199 738 1262 ἕλκεσι
762 1196 874 1282 βρύων.

238 1276 333 1345 Ἀλιῖιν
356 1281 392 1344 δὲ
416 1279 530 1366 φόρτος
551 1279 639 1346 ἔνδεν
661 1280 768 1366 ἦλθεν,
791 1279 854 1344 ἔνθ’
881 1277 948 1366 ἔβη.

239 1361 451 1438 Ἀλωπεκίζειν
475 1367 553 1450 πρὸς
574 1367 680 1451 ἑτέραν
704 1367 863 1432 ἀλώπεκα.

237 1441 304 1532 Ἂμ’
326 1449 460 1534 ηλέηται
477 1451 529 1514 καὶ
550 1449 696 1535 τέθνηκεν
719 1452 739 1533 ἡ
786 1451 861 1533 οἱρις.

239 1530 467 1642 Ἂμαδέστερος
485 1535 661 1600 Φιλωνίδου
685 1539 739 1599 τοῦ
756 1474 926 1600 ίἊελιτέως.

236 1609 332 1701 Ἂμας
352 1619 505 1703 ἀπητυυν,
529 1620 559 1682 οἱ
581 1619 608 1680 δ’
631 1620 823 1705 ἀπηρνοῦντο
848 1617 976 1720 σκάρος.

236 1695 288 1766 Ἂν
309 1704 349 1787 μὴ
372 1709 461 1789 παρῇ
484 1703 571 1787 κρέα,
594 1709 639 1788 τῷ
659 1704 777 1790 ταρίχῳ
801 1721 969 1785 στερκτεον.

236 1779 288 1850 Ἂν
310 1787 415 1852 πολλὰ
415 1789 567 1936 αβοίλλης,
591 1787 701 1852 ἄλλοτ’
725 1790 852 1851 ἀλλοῖον
874 1786 988 1870 βαλεῖς.

235 1863 288 1934 Ἂν
311 1871 394 1936 οἶνον
449 1877 498 1956 τῇ,
518 1873 687 1941 κονδύλους
710 1871 796 1956 αύτῷ
817 1871 916 1934 δίδου.

237 1947 360 2041 Ἂνδρες
382 1957 441 2040 γὰρ
463 1957 536 2019 είσλν
560 1957 592 2019 αἱ
615 1956 731 2030 πόλεις,
753 1957 810 2021 ούκ
831 1955 934 2018 οἰκίαι.

237 2033 358 2124 Ἂνδρες
382 2044 592 2127 φιλομεμφεῖς
616 2043 659 2110 εἰς
680 2041 783 2126 φιλίαν
808 2039 866 2103 οὐκ
887 2038 1023 2122 εὐφυεῖς.

239 2121 364 2210 Ἂνδρδς
383 2125 529 2210 γέροντος
548 2126 679 2210 ἀσταφλς
697 2127 731 2190 τὸ
754 2125 888 2209 κρανίον.

201 2259 208 2266 .
236 2206 363 2296 Ἀνδρδς
383 2209 529 2294 γέροντος
552 2211 585 2272 αἱ
603 2211 713 2293 γνάθοι
736 2210 916 2296 βακτηρία.Ι

240 2290 363 2380 Ἀνδρδς
386 2293 532 2379 γέροντος
554 2295 584 2356 υί
607 2294 698 2378 μύλοι
721 2295 881 2381 βακτηρία.

239 2374 363 2465 Ἀνδρδς
386 2379 531 2463 γέροντος
551 2380 592 2463 μη
613 2379 686 2443 ποτ’
711 2382 754 2449 εἰς
775 2380 872 2462 πυγὴν
897 2380 981 2461 ύρᾷν.

240 2459 308 2528 Ἀνδ
331 2467 365 2534 δς
387 2468 491 2531 κακῶς
511 2465 702 2548 πράσσοντος
725 2464 867 2528 ἐκποδὼν
892 2463 986 2547 φίλοι.

240 2488 366 2634 Ἀνδβδς
388 2548 550 2634 χαρακτὴρ
572 2548 606 2612 ἐκ
629 2549 723 2631 λύγου
747 2549 937 2633 γνωρίζεται.

313 2658 328 2720 Ρ

246 2634 301 2696 Αν“

239 2658 330 2803 Ἂνέγρ
356 2718 488 2800 ἀθυμῶν
507 2716 544 2781 οίι
567 2717 713 2801 τρόπαιον
738 2720 889 2801 στήσεται.

240 2798 331 2887 Ἂνὴρ
357 2803 393 2866 δὲ
418 2800 541 2885 φεύγων
565 2803 617 2865 καὶ
638 2804 728 2866 πάλιν
754 2802 937 2887 μαχήσεται.
1002 2827 1005 2836 “

238 2883 329 2971 Ἀνὴρ
355 2887 391 2950 δὲ
415 2884 538 2971 φεύγων
561 2886 597 2949 ού
624 2887 708 2970 μένει
729 2886 826 2969 λύρας
846 2885 969 2949 κτύπον.

240 2966 333 3056 Ἀνὴρ
357 2970 458 3035 ἔοικεν
481 2970 624 3034 ἱκετεύειν
643 2976 718 3040 ναῦς
736 2970 860 3055 πέτραν.

241 3050 437 3140 Ἀνήρπακας
460 3054 653 3127 ἁπαξάπαντ’
680 3056 766 3141 αὐτῷ
784 3059 881 3139 κανῴ.

237 3135 419 3225 Ἀνθρωπος
442 3139 586 3225 ἀποφρὰς
607 3142 659 3205 καὶ
681 3140 783 3203 πνέων
806 3138 956 3203 ἀπιστίαν.

237 3220 421 3309 Ἀνθρωπος
444 3222 547 3291 οὐδεὶς
566 3224 651 3307 ὑγιὴς
670 3226 810 3309 πράττων
831 3227 944 3290 κακῶς.

239 3302 465 3391 Ἀνουδέτητος
485 3308 583 3371 παῖδα
606 3310 749 3373 νουθετεῖ
770 3310 881 3393 πατήρ.

238 3387 345 3462 Ἂσπις
366 3392 438 3476 πύρ’
464 3391 586 3477 ἐχίδνης
608 3395 772 3479 φάρμακον
794 3393 973 3463 δανείζεται.

240 3474 312 3540 Ἀπ’
334 3477 422 3547 ἀξίου
448 3476 540 3547 Εύλου
563 3477 598 3540 ἂν
623 3478 819 3560 ἀπάγξασθαι
839 3478 952 3561 χρεών.

237 3552 374 3627 Ἂπανδ’
400 3562 415 3625 ὁ
439 3562 529 3644 λιμδς
549 3562 676 3644 γλυκέα,
697 3563 777 3645 πλὴν
802 3561 910 3640 αὑτοῦ,
932 3564 1025 3623 ποιεῖ.

237 3637 372 3711 Ἂπανῦ’
396 3647 502 3729 ὁμοῖα,
524 3648 575 3709 καὶ
594 3645 785 3729 Ῥυδιῖιπιςῖη
809 3647 899 3729 καλή.

237 3720 377 3795 Ἂπαντα
396 3730 453 3815 γάρ
476 3752 524 3794 τοι
549 3731 652 3816 βρωτὰ
672 3730 957 3814 πολιορκουμένοις.

238 3805 378 3883 ’Ἂπαντύι
396 3816 455 3899 γάρ
477 3837 525 3877 τοι
548 3822 592 3901 τῷ
616 3814 805 3901 φοβουμένῳ
829 3818 936 3900 ψοφεῖ.
980 3841 982 3844 ·

352 2634 491 2718 ἄβουλος
511 2633 554 2701 εἰς
573 2634 660 2697 κενὸν
685 2634 801 2719 μοχδεῖ
820 2631 949 2717 τρέχων.
