3000 4725
611 601 763 695 „²⁸2-

231 765 280 828 sin
301 777 332 827 te
355 767 445 846 virgo
466 764 561 845 capit:
579 769 629 827 vel
650 786 716 827 eam
737 770 792 829 tibi
814 756 927 829 nubere
950 770 997 830 ius
1019 778 1076 844 est,

267 851 326 912 Vel
349 861 558 931 corrupturum
581 863 629 913 est
650 872 751 930 pocus
772 854 896 913 ferenda
915 854 980 915 tibi.

228 936 345 1013 Nuptae
370 938 537 997 sollicitare
557 938 596 997 ad
620 946 733 1014 stupra,
756 939 835 1013 quie,
863 941 943 999 unde
965 938 1103 1017 voluptas

267 1021 367 1081 Nulla
389 1032 448 1098 est,
471 1024 662 1099 quantumvis
685 1024 802 1101 cogitur
825 1024 903 1101 ipse,
926 1025 1051 1102 potest?

227 1106 279 1166 Ilst
299 1108 333 1166 in
359 1107 520 1167 adulteriis
539 1106 635 1165 mults
654 1108 732 1181 alec,
755 1109 869 1169 fructus
892 1108 1005 1169 umoris

265 1190 397 1251 Nullus.
419 1194 456 1251 ln
472 1193 521 1251 his
543 1193 630 1269 pueri
653 1201 701 1252 est
722 1193 818 1271 turpis
838 1194 994 1254 habendus
1018 1212 1113 1253 emor.

228 1274 419 1355 Volgiragee
435 1277 542 1336 viduae
563 1278 679 1354 passim
702 1297 777 1338 suus
802 1287 884 1338 extet
904 1287 1036 1351 cmat0r3

266 1361 396 1440 Quippe
419 1362 563 1434 animum,
584 1382 686 1421 mores
706 1371 735 1420 et
754 1364 921 1423 meretricis
940 1364 1041 1423 habet.

229 1441 347 1506 Castior
368 1446 443 1507 esti
461 1446 518 1505 tibi
539 1446 590 1505 vix
613 1449 809 1507 succumbere
829 1450 937 1525 vixque
962 1457 1073 1521 coacte,

265 1531 345 1591 Mox
370 1531 515 1591 stimulos
536 1532 599 1591 odii
619 1533 754 1610 concipit
775 1552 867 1611 aegra
890 1532 972 1591 novi.

226 1612 349 1675 Factum
372 1616 454 1675 odit:
474 1616 546 1691 quia
566 1634 622 1674 nec
644 1618 732 1693 periit
755 1617 852 1693 pudor
873 1617 983 1689 omnis,
1005 1616 1101 1676 emori

266 1702 367 1779 Aptae
392 1701 538 1762 solvendo
562 1702 708 1777 quaeritat
728 1720 826 1778 usque
848 1720 961 1761 morus.

229 1780 278 1842 siu
302 1786 403 1865 magis
430 1786 557 1843 cucillae
580 1787 698 1863 cupidis
720 1787 914 1863 amplexibus
936 1786 1058 1843 haeres:

265 1866 338 1929 Sive
358 1879 415 1929 tus
435 1877 498 1942 est:
519 1871 649 1929 famulae
668 1890 773 1930 servus
796 1890 828 1930 es
849 1870 917 1949 ipse
936 1880 1017 1929 tuse:

228 1948 296 2012 Sive
319 1955 439 2027 aliene;
460 1964 562 2013 uotum
583 1956 638 2014 tibi
662 1956 715 2014 lex
736 1965 836 2015 tamen
855 1956 981 2034 irrogat,
1002 1954 1034 2013 in
1056 1961 1086 2012 te

265 2040 417 2116 Mancipii
436 2040 516 2098 haud
535 2041 649 2116 proprii
670 2041 792 2099 nomine
815 2042 927 2119 probru
948 2040 1040 2101 ciens

227 2116 282 2182 Hie
306 2144 341 2184 se
362 2125 524 2203 Diogenes
547 2124 673 2203 pulchre
695 2126 866 2185 extricavit:
890 2127 929 2184 Et
950 2125 996 2183 illi

266 2207 393 2281 Pollex,
414 2210 531 2285 absque
549 2209 612 2268 ullu
633 2211 739 2284 Laide,
762 2210 866 2287 palme
888 2211 952 2269 fuit.

530 2373 677 2459 ”Opputu
697 2376 834 2446 δινεύεις.
1046 2375 1144 2460 ζ(82)

230 2455 361 2522 Lumina
383 2463 553 2538 distorques
575 2465 683 2525 tacitus
705 2465 868 2543 prodentia
886 2466 1038 2524 flammas:

266 2541 386 2607 Ductae
406 2567 556 2625 purpurea
578 2550 666 2627 vulga
686 2549 798 2608 lubells
819 2569 908 2609 rosa:

230 2623 396 2710 Friugultis
419 2633 594 2693 tremulum:
618 2635 719 2694 vibras
739 2635 856 2694 lasciva
878 2633 1023 2711 capillos:

269 2714 372 2776 luctus
395 2718 519 2792 effusus,
541 2737 589 2776 me
608 2738 727 2794 quoque
746 2727 835 2791 teste,
861 2736 984 2776 munus:

231 2798 268 2857 At
287 2802 426 2861 noudum
447 2802 502 2861 illa
522 2804 565 2862 tui
587 2804 695 2862 cecidit
716 2804 883 2862 constantie
902 2803 1009 2884 fustus.

267 2884 406 2946 Merces:
426 2887 479 2945 ille
504 2895 606 2947 tamen
627 2889 781 2948 masculus
803 2888 912 2948 horror
934 2884 1030 2944 adest.

521 3050 585 3116 Νῦν
610 3053 858 3136 καταγιγνώσκω.
1049 3053 1144 3130 Met)

231 3133 350 3215 Mirum,
371 3140 452 3216 quod
474 3159 538 3200 uon
557 3148 654 3201 mutet
674 3142 714 3201 cb
734 3142 812 3198 hane
834 3157 867 3199 ee
890 3138 1036 3216 Iuppiter.
1060 3137 1106 3196 illi

270 3222 402 3286 Irascor.
425 3225 508 3284 rudis
533 3234 596 3285 eat:
620 3226 712 3284 niliu
736 3244 840 3284 umore
862 3224 952 3283 videt.

232 3297 277 3362 De
296 3309 399 3369 forms
419 3329 481 3368 uon
498 3311 652 3387 Europae,
673 3310 819 3370 Deuaeve
838 3307 969 3388 puellae,

270 3389 345 3455 Non
369 3413 405 3453 es
427 3395 585 3468 concedat,
609 3395 738 3454 eandida
757 3395 852 3467 Leda,
876 3395 940 3454 tibi.

233 3467 272 3532 Ni
294 3478 370 3538 forte
392 3488 450 3553 est,
471 3479 553 3556 quod
574 3490 671 3540 scorta
688 3481 766 3558 fugit
787 3479 933 3558 vulgaria,
955 3478 1073 3556 Regum

274 3558 413 3644 Corrupit
433 3574 529 3624 natus.
551 3564 629 3638 Hoc,
651 3565 727 3637 scio,
747 3565 860 3623 crimen
879 3565 979 3623 habet.

496 3729 646 3815 Ἀρσενας
669 3729 765 3798 ἄλλος
790 3727 867 3815 ἔχοι.
1048 3727 1143 3806 ζ(84)

237 3808 263 3869 O
285 3817 384 3878 relect
400 3817 526 3896 puerilis
549 3835 643 3878 amur.
665 3816 885 3896 Complexibue
908 3827 977 3878 utor
