3000 4725
755 628 908 725 —2—50-

370 792 422 858 ΙΔ.
450 789 508 855 Ἦν
528 814 570 860 τις
593 791 621 853 α’
646 790 811 872 αἰνέσσειε,
837 795 872 858 σὺ
894 794 997 877 γίγνου
1023 796 1088 855 σεῖο
1116 792 1254 875 δικαστής.

458 874 511 959 Μὴ
533 874 654 938 πίστευ’
680 875 788 948 ἄλλοις
806 880 875 965 περὶ
899 882 955 942 σοῦ
973 876 1079 954 πλέον,
1101 878 1141 960 ἠὲ
1157 878 1268 959 σεαυτῷ.

372 957 424 1024 ΙΕ.
460 958 522 1043 Τὴν
547 959 724 1044 εδεργεσίην
750 964 855 1027 ἄλλων
877 964 921 1027 ἐνὶ
940 963 1063 1024 πλείοσι
1083 961 1219 1043 θρόλλει.
1315 1030 1316 1035 1

449 1042 509 1107 Ἢν
530 1044 565 1107 δέ
587 1067 615 1106 τι
638 1044 710 1114 τοὺς
730 1046 846 1117 ἄλλους
864 1047 899 1112 εῦ
919 1048 1023 1130 έρδης,
1044 1048 1141 1109 κεῦθε
1164 1046 1261 1127 σιωπῇ.
1315 1046 1316 1061 ’

372 1126 415 1199 lc.
457 1127 567 1192 Πολλὰ
578 1128 677 1213 γέρων
687 1132 812 1195 πολλῶν
827 1130 1021 1216 μεμνημένος
1035 1128 1110 1214 ἔργα
1124 1129 1269 1212 λόγουςτε,

456 1209 631 1281 Ἐνδυκέως
655 1214 793 1300 μέμνησο
817 1218 911 1301 τάπερ
936 1214 1005 1283 νέος
1023 1215 1065 1277 ὤν
1081 1213 1155 1276 ποτ’
1170 1212 1269 1297 ἔοργας.

373 1293 422 1359 ΙΖ.
455 1294 519 1361 Τοῦ
540 1298 678 1381 κρυφίως
695 1301 735 1386 μή
759 1324 807 1363 σοι
822 1301 941 1385 μελέτω
955 1301 1011 1362 τινὶ
1026 1300 1268 1380 κοινολογοῦνται.

456 1380 523 1445 Πᾶν
545 1383 649 1466 όφυρᾷ
662 1385 737 1447 κᾶθ’
750 1386 874 1461 ἑαυτοῦ,
890 1385 924 1454 δς
936 1384 1021 1469 αὐτῷ
1034 1384 1143 1467 φαῦλα
1157 1381 1269 1444 σόνοιδε.

373 1460 428 1526 ΙΗ.
456 1463 510 1528 Ἐν
529 1470 595 1535 ταῖς
614 1467 770 1553 εὐτυχίαις
791 1469 827 1532 τὰ
852 1469 947 1555 τόχης
967 1466 1146 1613 ἑτερόρροπ
1172 1466 1261 1529 άλευε.

458 1545 539 1634 Οὐχὶ
560 1551 597 1614 τὰ
615 1552 728 1615 λοίσθι’
743 1554 792 1617 ἀεὶ
814 1558 878 1622 τοῖς
899 1556 1032 1638 πρώτοις
1070 1552 1116 1613 στὶ
1141 1549 1259 1634 σονῳδό.

371 1629 423 1696 ΙΘ.
456 1630 530 1716 Είγε
554 1636 750 1717 μινυνθάδιος
770 1638 835 1722 βίος
857 1638 920 1721 ἐστὶ
942 1638 993 1699 καὶ
1016 1634 1148 1703 ἄστυτος
1167 1636 1255 1717 ἡμῶν,

454 1714 507 1780 Ἐν
532 1718 618 1805 μόρῳ
640 1722 794 1809 ἀλλοτρίῳ
812 1724 865 1805 τὴν
881 1722 991 1785 ἐλπίδα
1013 1724 1069 1783 σοῦ
1087 1720 1128 1803 μὴ
1146 1720 1269 1801 ἀναρτηῖν.

369 1797 410 1864 Κ.
455 1798 499 1864 Εἴ
511 1825 538 1865 τι
563 1827 610 1866 σοι
632 1804 780 1875 ἀκτέανος
802 1808 892 1891 φιλος
915 1806 1038 1873 εὐτελὲς
1054 1804 1163 1867 ὤπασε
1177 1804 1268 1884 δῶρον,

457 1886 612 1971 Δέχνυσαι
627 1890 794 1973 εὐμενέως,
803 1892 854 1953 καὶ
868 1891 1027 1954 ἐπαίνεσον
1044 1886 1173 1971 εῦφρονι
1186 1886 1269 1967 θυμῷ.

375 1966 444 2031 ΚΑ.
457 1968 500 2032 Εἴ
517 1995 551 2034 σε
571 1978 704 2036 τεκοῦσα
721 1972 1128 2081 φόσιςγομνὸνρρέφοςῆγε
1143 1970 1224 2056 φόως
1236 1966 1269 2041 δὲ,

458 2051 521 2137 Τῆς
543 2057 764 2162 άχρημρσόνης
786 2058 885 2144 ἄχθος
909 2082 985 2144 φερε
1006 2055 1246 2165 καρτεροθύμως.

432 2181 440 2198 .
455 2136 508 2222 Μὴ
529 2164 660 2225 τρεσσης
681 2144 734 2225 τὴν
755 2149 836 2228 κῆρα
851 2144 918 2229 βίου
933 2142 1029 2227 πέρας
1039 2164 1170 2245 εσχατον
1182 2136 1267 2201 οὖσαν.

449 2218 557 2292 Ὅστις
578 2230 658 2308 κῆρα
680 2226 812 2304 δέδοικε,
836 2230 887 2291 καὶ
909 2228 924 2291 ὃ
948 2232 987 2312 ζῇ
1008 2231 1080 2289 τοῦτ
1107 2223 1268 2309 ἀποβάλλει.

373 2301 437 2367 ΚΓ.
457 2303 501 2370 Εί
517 2332 545 2370 τι
565 2310 674 2374 παθὼν
697 2312 757 2376 ἀπὸ
781 2318 834 2377 σεῦ
858 2312 975 2396 ἀγαθόν
989 2334 1032 2380 τις
1048 2311 1090 2394 μὴ
1104 2312 1192 2395 χάριν
1208 2304 1268 2376 οίδε,

460 2389 513 2474 Μὴ
535 2395 644 2457 τοῦτου
671 2397 807 2482 μέμφοιο
833 2397 917 2470 θεὸν,
942 2398 976 2460 σὲ
997 2398 1031 2460 δὲ
1053 2400 1136 2458 τῖσον
1161 2388 1261 2456 ἑαυτόν.
1313 2459 1314 2462 ¹

373 2471 439 2536 ΚΛ.
454 2471 558 2584 Ὄφρα
570 2479 611 2562 μη
624 2480 751 2565 ἐλλείπη
764 2482 795 2544 τί
805 2484 992 2566 σε,χρη’μασι
1008 2479 1198 2584 φειδομένους
1208 2475 1267 2560 χρῶι

371 2563 1266 2756 ιω.ιοιθὲιῖλρῖἔὶρτᾷρέἦζῗὲἑμθῗῖόιῗίιῖξίὲίέξῖι,

457 2727 511 2814 Μίγ
533 2731 696 2803 κενόδοξος
718 2757 773 2818 εης
795 2734 913 2800 ἐθέλων
934 2733 1095 2819 φιλότιμος
1118 2730 1239 2794 ἀκοόειν.

372 2809 431 2881 Kc·
457 2810 518 2877 Τόν
535 2840 582 2878 σοι
593 2818 714 2882 πλαστὰ
723 2822 877 2882 λαλοῦντα
891 2819 942 2881 καὶ
956 2818 993 2881 οῦ
1008 2839 1055 2881 σοι
1066 2809 1264 2901 κηρόθιπιστδν

452 2897 591 2983 Ἔμπαλι
605 2907 699 2985 μιμοῦ
713 2905 764 2965 καὶ
775 2902 821 2965 σό.
842 2903 926 2987 δόλῳ
942 2902 1034 2970 δόλος
1046 2903 1109 2964 ὧδε
1125 2899 1265 2984 κρατεῖται

372 2977 437 3043 KZ.
457 2982 588 3069 Ἀνέρας
610 2987 771 3068 αἱμυλίους
788 2989 840 3050 καὶ
861 2986 1092 3072 χρηστολόγους
1105 2986 1147 3068 μὴ
1164 2980 1265 3046 ἐπαίνει.

400 3114 402 3119 -
456 3065 498 3130 Ἡ
520 3068 621 3154 σῦριγξ
643 3071 709 3153 λιγδ
735 3071 855 3155 μέλπεο,
877 3070 1014 3140 ὅτ’ίξεῦς
1036 3070 1130 3153 όρνεα
1153 3067 1251 3147 θέλγειΙ

432 3148 507 3214 .’Ήν
532 3157 697 3223 σοιπαῖδες
713 3155 857 3232 ἔωσι,καὶ
870 3157 926 3219 οῦκ
943 3154 1067 3240 ἄφενος,
1083 3155 1118 3216 σὺ
1136 3155 1171 3216 δὲ
1182 3147 1266 3215 τοόςδε

457 3233 633 3315 Παιδεόειν,
655 3240 695 3302 ἵν’
718 3238 831 3325 ἔχωσιν
856 3242 1002 3324 ἀκλήρων
1025 3239 1110 3323 ἦμαρ
1134 3233 1266 3301 ἀλαλκεῖν-

372 3312 439 3379 ΚΘ.
460 3317 612 3392 Τοῦτελὲς
634 3323 765 3406 ἔντιμον,
788 3327 822 3388 τό
845 3326 879 3388 δὲ
903 3325 1000 3408 τίμιον
1025 3323 1149 3391 εὐτελὲς
1169 3323 1247 3403 ἡγοῦ.

459 3401 568 3475 Οὕτως
589 3409 625 3471 οῦ
647 3410 771 3494 φαίνοιο
795 3410 991 3493 φιλάργυρος,
1008 3407 1088 3476 ὀῦδὲ
1109 3407 1146 3469 σθ
1160 3401 1254 3489 κίμβιξ·

372 3484 407 3546 Λ.
454 3486 507 3572 Μὴ
535 3491 621 3574 ρέξον
643 3495 670 3555 τὶ
698 3491 777 3555 σέων
802 3492 977 3576 εἰθισμένος
999 3492 1065 3554 ἐσσὶ
1086 3492 1224 3562 κακίζειν.

458 3573 594 3658 Αίσχρδν
604 3578 748 3661 ὑφηγητῇ
764 3577 789 3640 δ’
802 3577 848 3640 ότ)
864 3572 1023 3662 ἐλέγχεται
1034 3575 1126 3643 αὐτὸς
1135 3569 1266 3657 ἁμαρτόν·

430 3654 588 3740 ,Αἴτησαι
607 3663 640 3724 τδ
666 3663 783 3724 δίκαιον
808 3663 872 3738 ἐὸν,
894 3661 928 3724 τό
951 3683 983 3723 τε
1005 3657 1093 3744 καλιγῖ
1118 3656 1221 3723 ἐοικός.
1243 3732 1250 3754 Ι

300 3815 302 3819 .
456 3742 586 3813 Αίτίζειν
611 3744 643 3807 δ’
661 3746 793 3829 ἀμαθὲς,
818 3746 851 3809 τό
871 3745 904 3808 τ’
916 3744 1089 3828 ἀνήνασθαι
1100 3743 1186 3826 θέμις
1196 3740 1265 3800 ἐστιν.

372 3823 436 3891 ΛΒ.
455 3825 509 3911 Μὴ
533 3834 670 3910 γνωστοῦ
699 3830 821 3911 ἀγνῶτα
843 3829 1094 3914 προτιμήσασθατ
1114 3825 1234 3909 ἑταίρου.
