3000 4725
716 599 720 607 “
760 582 908 675 ..313-

306 744 360 799 940
378 746 434 810 Ch.
474 749 528 807 Nil
550 749 660 808 mirum
684 758 714 809 et
734 751 855 823 iterum,
877 750 997 823 mulier,
1016 750 1160 824 eiularier‚

378 836 495 895 Orbata
513 834 567 891 tali
587 854 663 911 quae
685 837 775 895 modo
799 855 905 895 cerem
924 836 996 893 viro.

377 920 450 978 Teo.
476 918 591 995 Opinio
615 920 653 977 ad
675 930 715 993 te,
740 940 852 981 sensus
875 921 915 980 ad
933 939 982 979 me
1002 919 1140 996 pertinsc

377 1003 432 1063 Oh.
477 1004 628 1063 Fatemur.

298 1153 299 1162 χ
377 1089 450 1148 Tec.
474 1088 501 1149 Ο
524 1098 630 1167 gnate:
653 1089 735 1164 quod
754 1110 811 1149 nos
835 1089 990 1149 servitutis
1012 1108 1092 1147 nunc
1114 1095 1207 1147 manet

307 1166 360 1223 945
378 1172 505 1251 Iugum?
525 1175 672 1248 quibusve
695 1175 861 1251 premimur
883 1174 1113 1235 insessoribus?

680 1258 709 1316 2.
731 1260 927 1336 Antiatroplsa
952 1259 980 1319 V

377 1342 431 1403 Ch.
470 1344 519 1401 Ah
540 1343 693 1420 geminum
717 1345 801 1403 sensi

376 1428 423 1487 Te
445 1428 526 1485 facta
547 1427 661 1505 profari

376 1512 520 1572 Nefanda
541 1513 700 1587 imperato-

379 1618 459 1655 -rum
479 1597 548 1655 huic
568 1617 680 1675 magno
701 1599 793 1659 malo.

378 1681 441 1743 Sed
464 1682 594 1759 repellat
615 1682 711 1743 Deus.

308 1756 361 1811 950
379 1768 451 1826 Toc.
475 1766 548 1825 Non
570 1768 754 1827 accidissent
774 1769 849 1826 haec
871 1771 948 1831 Deis
969 1771 1154 1829 nolentibus.

379 1851 435 1911 Oh.
479 1851 541 1912 Sed
563 1852 641 1911 mole
664 1854 789 1911 nimium
810 1874 868 1913 nos
891 1857 976 1933 gravi
998 1864 1139 1933 premunt
1158 1854 1232 1913 mali.
1312 1873 1313 1912 i

380 1937 453 1995 Tec.
478 1936 571 2001 Tales
585 1938 698 1997 'ruinas
715 1949 798 1996 creta
819 1959 962 2017 supremo
983 1941 1059 1999 Iove

372 2023 516 2091 ‚Minerva
536 2022 660 2098 Ulyssis
684 2042 778 2083 saeva
797 2025 921 2085 molitur
942 2027 1048 2085 ricem.

650 2108 678 2165 3.
703 2111 898 2186 Antistropha
923 2112 1015 2170 VIII.

380 2190 436 2250 Oh.
478 2190 577 2265 Quam
600 2193 690 2249 tacite
712 2212 816 2251 secum

376 2277 478 2334 Mente
502 2274 613 2334 dolosa
633 2277 679 2334 vir

376 2359 546 2433 Renidens‚
568 2363 746 2436 obstrepens

377 2443 555 2518 cachinnat,
577 2454 608 2503 et
628 2465 721 2523 super
741 2447 857 2509 domini

376 2531 486 2602 Rabie,
509 2539 538 2587 et
558 2531 661 2590 furore
685 2532 772 2590 ridet.

382 2615 463 2689 Heu,
484 2615 560 2673 hou!

378 2701 457 2759 Tum
478 2709 577 2758 autem
601 2708 630 2759 et
645 2701 697 2758 ubi
716 2701 867 2758 audierint
885 2701 960 2758 haec

309 2785 361 2839 960
378 2787 481 2846 Duces
505 2785 564 2844 duc
588 2785 723 2844 Atridae.

378 2871 450 2929 Teo.
496 2871 587 2946 Atqui
609 2871 799 2942 cachinnent,
825 2869 941 2928 homini
964 2869 1113 2928 insultent
1132 2869 1226 2927 malis.

376 2957 530 3016 Fortassis
552 2965 591 3029 et,
617 2957 644 3014 si
667 2956 738 3014 vivo
761 2956 906 3013 honorem
926 2974 989 3013 non
1009 2954 1132 3028 dabant,

376 3042 508 3100 Flebunt
527 3048 717 3118 peremptum
736 3040 847 3098 Martio
869 3041 901 3097 in
925 3039 1108 3098 discrimine.

377 3126 508 3202 Nanque
527 3127 619 3185 homo
644 3125 768 3183 sinistra
789 3133 889 3183 mente
911 3143 1094 3200 possessum
1115 3126 1225 3184 bonurn

311 3210 362 3265 965
379 3210 543 3286 Nunquam
567 3211 651 3288 prius
671 3211 843 3287 percipere,
872 3228 963 3284 quam
982 3209 1096 3282 amisit,
1118 3210 1206 3268 solet.

377 3297 459 3354 Mors
483 3297 546 3354 eius
572 3295 634 3353 illis
659 3295 784 3368 dulcior,
808 3295 929 3372 gravior
950 3294 1036 3366 mihi,

377 3379 446 3456 Ipsi
465 3381 583 3438 suavis:
611 3400 740 3455 namque
761 3381 854 3438 habet
875 3399 1004 3455 quorum
1026 3389 1145 3438 arserat
1191 3443 1196 3450 ,

378 3467 503 3536 Amore,
527 3474 662 3537 mortem,
686 3465 770 3523 cuius
790 3473 934 3539 expetens
957 3463 1024 3521 fuit.

379 3545 434 3609 Oh.
477 3549 558 3624 Quid
579 3549 703 3610 veroin
725 3550 811 3608 illum
829 3549 953 3608 riserint
974 3549 1111 3607 tantum?
1135 3567 1229 3624 neque

309 3633 362 3687 970
380 3634 530 3696 Occubuit
547 3632 609 3691 illis
630 3635 699 3692 ille:
723 3655 799 3692 non:
822 3653 926 3692 verum
947 3632 1035 3692 Deis.

377 3720 426 3779 Ad
447 3721 523 3776 haec
546 3717 676 3793 Ulysses
696 3739 855 3795 perperam
874 3738 948 3795 ergo
970 3718 1075 3776 rideat.

377 3805 492 3864 Indicio
512 3822 617 3862 eorum
640 3804 728 3880 periit
746 3805 845 3863 Aiax:
869 3812 899 3861 at
919 3822 988 3862 meo
