3000 4725
656 622 697 681 89

233 787 363 849 Carmine
385 791 544 871 placantes
567 792 654 867 pueri
677 791 759 866 quod
778 791 902 848 duceret
922 808 1023 864 aures,

231 876 265 933 Et
284 894 411 952 puerum
432 894 559 934 somnos
581 877 700 951 placide
722 875 865 935 suaderet
885 876 972 935 inire.
1064 889 1068 894 ’

232 958 375 1032 Carmine,
396 960 478 1036 quod
500 971 606 1021 sancto
631 960 789 1037 Sapientia
810 960 936 1035 protulit
959 980 1023 1034 ore,

231 1045 334 1104 Omnia
357 1044 533 1105 Socraticae
555 1054 696 1123 retegens
718 1064 830 1103 arcana
849 1055 1001 1118 senectae,

230 1130 385 1189 Imbiberet
404 1130 518 1189 teneris
542 1131 624 1205 quod
645 1139 765 1190 mustea
782 1130 924 1189 sensibus
947 1140 1044 1205 aetas,
1122 1180 1127 1191 .

229 1216 319 1290 Atque
340 1216 494 1291 impressa
517 1216 576 1274 sibi
596 1234 696 1274 rerum
721 1215 884 1276 simulacra
904 1222 1022 1274 teneret

229 1300 399 1373 Insinuans,
419 1301 557 1375 udaeque
576 1302 690 1361 docens
712 1301 883 1359 inolescere
906 1302 1011 1373 menti,

231 1382 329 1444 Servat
351 1386 389 1443 ab
411 1385 556 1461 imposito
577 1387 693 1445 formas
716 1395 749 1443 ut
769 1403 839 1443 cera
862 1384 975 1461 sigillo.

228 1470 296 1527 Inde
314 1486 393 1547 puer
413 1468 549 1546 Sophiae
571 1489 646 1544 quas
667 1490 731 1529 nox
751 1470 852 1545 sopita
871 1470 985 1547 figuras

229 1553 381 1626 Intulerat,
401 1555 533 1632 vigilans
557 1557 692 1633 agitabat
714 1562 815 1613 mente
838 1554 954 1612 diurna.

228 1638 263 1697 lit
282 1640 366 1715 quod
387 1640 439 1697 vix
462 1640 587 1699 senibus
611 1642 679 1707 duri
699 1640 832 1698 tribuere
851 1639 986 1712 labores,

228 1724 335 1782 Infanti
355 1724 413 1782 fuit
434 1724 494 1783 hoc
515 1725 642 1801 puerilis
665 1726 776 1783 ducere
795 1724 893 1782 lusus.

228 1807 355 1867 Vixdum
375 1810 517 1869 firmabtm
542 1811 644 1868 stabili
665 1809 795 1886 vestigia
814 1826 934 1887 gressu,

228 1892 355 1953 Ludicra
374 1893 459 1952 nulla
481 1895 546 1967 tibi,
567 1915 628 1953 non
651 1914 730 1953 vana
751 1893 914 1969 crepundia
934 1892 1029 1963 cordi,

229 1977 294 2037 Non
314 1981 429 2057 ignava
449 1980 546 2054 quies,
571 2000 633 2039 uon
659 1980 773 2039 desidis
796 1980 860 2038 otia
881 1978 956 2050 ludi,

230 2061 285 2123 Sed
303 2067 414 2123 Musae
438 2073 544 2123 tenues
565 2064 712 2143 Pelignus
733 2065 832 2143 gentis
855 2064 1007 2135 alumnae,

230 2146 283 2207 Sed
306 2156 421 2208 teretes
445 2148 575 2209 Calabro
597 2150 744 2208 modulati
765 2149 887 2226 pectine
909 2156 1027 2219 cantus,

229 2234 319 2309 Atque
340 2236 489 2293 Maroneo
511 2236 678 2311 gaudentes
702 2254 771 2292 rure
789 2233 952 2293 Camenae.

229 2318 296 2377 Inde
318 2318 373 2379 ubi
397 2319 563 2380 succedens
588 2321 676 2379 annis
698 2320 871 2380 labentibus
896 2329 980 2379 astas

230 2401 383 2464 Crescenti
404 2406 556 2482 geminum
581 2406 757 2482 properavit
778 2405 919 2464 claudere
938 2405 1077 2475 lustrum,

230 2487 295 2548 Non
316 2491 375 2549 tibi
398 2499 533 2549 cossatae
556 2491 689 2549 traduxit
708 2491 819 2548 inertia
838 2491 934 2549 luces.

231 2571 286 2632 Sed
307 2595 386 2651 quae
409 2575 489 2633 trina
510 2584 579 2634 tuas
602 2577 729 2634 metavit
749 2575 856 2634 Gratia
877 2593 982 2647 cunas,

230 2657 264 2717 lit
284 2660 339 2719 tibi
361 2659 497 2718 culturae
519 2661 636 2737 primos
660 2661 776 2719 afflavit
798 2662 920 2733 odores,

231 2741 310 2802 Haec
333 2753 365 2803 te
387 2745 614 2804 informandum
638 2746 745 2806 studiis
769 2746 895 2816 curavit,
917 2744 1038 2818 etipsa

232 2827 390 2903 Tradente,
416 2831 570 2906 excipiunt
589 2831 725 2908 insignes
748 2839 813 2888 arte
835 2829 982 2906 magistri,

232 2913 312 2988 Quos
335 2922 388 2972 tua
409 2934 495 2975 mens
517 2915 636 2988 docilis,
661 2929 788 2990 ceraque
813 2913 975 2989 sequacior
996 2913 1079 2970 omui

231 2996 438 3072 Praeverteus,
457 3019 554 3060 annos
576 3001 668 3078 longe
691 3007 765 3077 post
788 3009 874 3076 terga
895 2998 1027 3072 reliquit.

233 3083 334 3158 Qualis
354 3093 522 3160 naturaque
542 3086 613 3158 soli,
637 3085 775 3160 coelique
797 3086 915 3155 favore,

209 3167 352 3228 -llnitens
376 3169 438 3228 alte
462 3171 611 3230 remisse
637 3171 759 3230 subiicit
779 3171 889 3228 arbosz

233 3251 311 3312 Talis
334 3255 439 3314 adulta
458 3256 514 3313 tibi
534 3257 632 3315 maior
651 3257 795 3334 surgebat
817 3256 848 3312 in
867 3255 960 3312 horas

233 3335 282 3398 Vis
303 3341 410 3413 animi,
433 3358 573 3399 crescens
597 3341 724 3400 occultis
749 3340 887 3398 auctibus
911 3338 988 3397 aeri.

233 3420 293 3482 Nec
317 3443 416 3498 mora,
438 3425 584 3488 fecundas
605 3423 760 3503 depromis
782 3433 906 3502 pectore
925 3424 1024 3494 dotes,

232 3501 376 3568 Erectum—
392 3511 476 3568 tenui
496 3511 649 3570 deducens
670 3511 791 3589 pumice
805 3527 937 3582 carmen,

234 3589 316 3665 Quod
338 3615 401 3654 non
426 3596 588 3672 so[l]licito
610 3597 763 3654 cruciabat
780 3596 854 3653 lima
871 3595 989 3666 labore,

234 3673 289 3736 Sed
311 3681 393 3754 quod
413 3689 524 3757 sponte
549 3699 607 3740 sua
626 3681 771 3758 proprios
790 3681 932 3738 veniebat
955 3679 996 3736 ad
1017 3686 1112 3748 artus,

233 3759 318 3822 Forte
340 3784 428 3843 epos,
452 3774 481 3824 et
500 3765 609 3825 molles
631 3766 757 3842 Elegos,
780 3783 984 3840 numerosque
1001 3761 1124 3835 catulli,

234 3845 268 3906 Et
286 3849 395 3918 Parios
418 3859 522 3910 natum
545 3851 679 3912 sermoni
698 3869 819 3910 carmen
841 3849 965 3909 lambos
