3000 4725
743 606 895 701 „393—

358 775 449 837 Aiax.
490 772 583 837 Salve
602 773 749 849 Minerva
774 776 909 835 maxumi
927 775 1030 851 proles
1049 776 1147 851 Iovis,

359 860 446 919 Bene
464 861 550 932 ades,
573 865 604 916 et
626 867 807 935 opportuna
831 868 862 919 te
885 860 994 937 spoliis
1017 878 1075 939 ego
1172 898 1175 901 -

360 947 502 1006 Mactabo
526 943 649 1020 opimis,
670 953 797 1022 propter
817 947 896 1004 hano
916 945 1061 1021 praedam
1083 946 1209 1021 quidem.
1313 996 1314 1021 p

361 1031 414 1089 Mi.
460 1028 560 1105 Sapis.
585 1029 639 1087 sed
660 1028 736 1087 illud
759 1031 838 1107 quod
858 1032 1053 1109 rogo‚'narra
1072 1032 1154 1089 mihi.

309 1104 344 1161 95
361 1114 492 1175 Hastam
515 1113 651 1182 imbuisti
674 1117 823 1193 sanguine
844 1116 958 1193 Argivo
980 1116 1085 1173 tuam?
1134 1139 1136 1145 ¹

360 1202 410 1261 ni.
458 1201 500 1259 Et
520 1199 645 1277 gloriari
667 1199 716 1259 fas
740 1202 815 1259 mihi
837 1208 896 1273 est,
917 1208 947 1258 et
968 1220 1031 1260 uon
1057 1220 1174 1278 negem.

326 1299 328 1303 '
359 1286 413 1345 Mi.
456 1285 627 1345 Advorsum
649 1284 773 1345 Atridas
796 1304 907 1362 nempe
929 1285 1052 1345 molitus
1077 1304 1198 1345 manum
1219 1284 1264 1345 es?

359 1373 409 1430 ni.
455 1369 527 1429 Non
547 1370 601 1427 liat
618 1368 682 1428 illis
703 1369 793 1429 ludus
816 1370 898 1428 Aiax
921 1370 1062 1447 amplius.

358 1456 411 1515 Mi.
454 1456 564 1514 Actum
587 1461 643 1534 est,
666 1462 700 1511 ut
721 1455 838 1529 inquis:
861 1455 1036 1513 oeciderunt
1055 1454 1148 1513 ilicet.

292 1534 343 1589 10⁰
359 1542 409 1600 Αἰ.
458 1539 550 1599 Nune
570 1538 710 1599 auferant
730 1540 806 1597 mihi
828 1559 912 1597 arma
931 1540 1044 1599 mortui
1065 1558 1143 1597 mea.

358 1626 413 1684 Mi.
458 1623 538 1697 Quid
558 1642 631 1681 vero
654 1624 784 1700 Ulysses
804 1624 858 1682 ille
879 1626 993 1683 Laena
1017 1625 1126 1683 satus?

360 1709 426 1783 Quo
446 1728 498 1767 res
519 1709 591 1767 loeo
610 1708 657 1765 illi
679 1709 748 1767 est?
777 1728 816 1767 au
838 1717 921 1767 luam
945 1710 1052 1786 effugit
1072 1708 1213 1769 manum?

358 1796 409 1853 Αἰ.
459 1793 624 1855 Sacramne
647 1793 770 1871 volpem
791 1813 848 1868 quo
871 1794 960 1853 sitin
980 1801 1060 1853 statu
1081 1794 1192 1871 rogas?

358 1880 412 1938 Mi.
455 1879 711 1957 Ipsum,iuquam‚
720 1878 865 1956 Ulyssem
873 1879 1261 1953 maletibiinfestumeapul

293 1962 344 2016 ¹⁰5
361 1964 411 2024 Αἰ.
463 1964 679 2025 Gratissimum
699 1964 780 2023 intus
805 1964 1147 2040 assidetspeotaoulum

360 2047 519 2125 Cominus,
543 2050 645 2126 ipsum
668 2050 751 2124 quod
771 2048 849 2107 mori
870 2049 1001 2107 nondum
1021 2048 1123 2106 velim.

358 2136 411 2193 Mi.
455 2132 607 2206 Quidnam
614 2134 791 2210 priusquam
802 2133 988 2211 aggredere?
1001 2129 1262 2209 quidfaoiesluoril

358 2220 408 2278 ni.
457 2218 640 2291 Priusquam
663 2218 702 2275 ad
720 2219 801 2276 altae
823 2218 960 2275 uolumen
982 2219 1117 2277 evinctus
1139 2217 1245 2287 domus,

358 2304 412 2363 Mi.
457 2301 619 2375 Quodnam
640 2303 760 2362 misello
783 2303 897 2380 grande
919 2302 1037 2363 moliris
1050 2302 1193 2362 malum?

291 2389 344 2442 110
359 2390 409 2447 ni.
459 2385 577 2446 Caesus
600 2388 730 2465 flagellis
757 2389 839 2446 efflet
857 2389 989 2446 animam
1009 2389 1148 2464 denique.

359 2473 413 2532 Mi.
456 2471 507 2531 Ne
527 2473 682 2546 miserum,
696 2475 817 2545 amabo,
839 2493 877 2531 ne
891 2475 971 2532 hunc
983 2474 1027 2530 ila
1040 2474 1174 2550 accipias
1185 2469 1261 2530 male.

359 2558 409 2618 Αἱ.
460 2555 592 2634 Sperare
613 2559 645 2615 iu
668 2558 749 2632 aliis,
770 2557 860 2631 Diva,
882 2566 913 2615 te
934 2559 1024 2617 iubeo
1046 2561 1134 2618 bene.

359 2641 551 2720 Supplicium
570 2643 610 2700 ad
629 2643 721 2702 istum
741 2645 781 2716 is,
801 2661 858 2700 neo
878 2661 978 2716 secus,
1002 2643 1086 2701 dabit
1108 2642 1232 2702 modum.

359 2729 412 2786 Mi.
455 2727 620 2803 Postquam
641 2729 701 2787 hoe
720 2729 753 2786 iu
774 2727 875 2786 animo
899 2736 946 2786 est
969 2737 1017 2786 sat
1035 2728 1090 2786 tibi
1107 2733 1260 2804 acceptum,

292 2808 342 2862 1¹5
359 2812 410 2872 Ne
431 2831 524 2889 pareo
544 2813 680 2886 dextrae,
700 2813 832 2890 cogitata
851 2813 972 2888 perdice.
1169 2812 1260 2888 [ilices

358 2899 408 2957 ni.
456 2899 610 2974 Accingor
632 2899 671 2956 ad
691 2917 773 2956 remr
796 2905 947 2956 caeterum
969 2897 1081 2955 mando
1104 2895 1171 2970 tibi,

358 2982 402 3043 Ut
420 2983 482 3041 tale
503 2991 643 3058 praestes
666 3002 788 3060 semper
809 2982 955 3040 auxilium
976 2982 1060 3041 mihi.

358 3068 412 3126 Mi.
454 3067 560 3140 Vides,
582 3068 707 3144 Ulysse‚
725 3069 787 3126 vim
808 3067 953 3139 Deorum,
976 3075 1090 3141 quanta
1109 3065 1171 3126 sit?

358 3151 430 3211 Hoc
446 3153 571 3211 homine
593 3172 694 3210 rernm
717 3153 785 3230 quis
808 3152 865 3212 fuit
885 3152 1065 3224 consultior,

291 3231 343 3284 12⁰
359 3236 418 3294 Vel
436 3238 543 3295 melior
564 3238 694 3296 antehac
716 3245 825 3314 eoepla
845 3245 961 3294 mature
984 3236 1116 3310 exequi?

357 3319 410 3380 Ul.
432 3363 441 3373 ‚.
452 3319 566 3382 Nullus
588 3323 708 3398 quidem
730 3323 875 3392 anteha03
895 3321 1028 3395 mihique
1050 3317 1249 3378 miseritudine

358 3403 533 3465 Commovit
555 3408 698 3480 animum,
722 3424 892 3484 quanquam
912 3405 1047 3481 iniquior
1067 3405 1142 3463 mihi
1164 3412 1218 3475 est,

359 3488 446 3562 Quod
466 3491 520 3548 eali
542 3493 704 3551 inhaerens
723 3493 791 3568 ipse
810 3492 959 3550 oonfliotet
979 3490 1067 3548 malo.

357 3574 529 3634 Neoillins
549 3597 626 3650 rem,
646 3597 737 3652 quam
759 3597 868 3650 meam,
893 3583 996 3653 specto
1019 3576 1129 3652 magis.

291 3657 342 3711 125
358 3659 414 3719 Nil
436 3667 536 3719 certus
558 3661 640 3720 ali-nd
663 3681 733 3722 esse
754 3682 827 3736 nos,
847 3680 936 3737 quam
958 3661 1079 3720 somnia

357 3745 593 3825 Imaginantum‚
615 3755 668 3804 aut
688 3766 818 3823 corpora
839 3747 946 3806 umbra
966 3745 1079 3804 inania.
1142 3801 1144 3806 .

322 3855 326 3864 ¹
356 3831 409 3889 Mi.
452 3831 535 3908 Ergo
554 3831 675 3891 cavebis
699 3832 775 3890 haec
793 3833 911 3905 videns,
936 3829 1127 3888 temerarium
