<?xml version="1.0" encoding="UTF-8"?>
<!DOCTYPE html PUBLIC "-//W3C//DTD XHTML 1.0 Transitional//EN"
    "http://www.w3.org/TR/xhtml1/DTD/xhtml1-transitional.dtd">
<html xmlns="http://www.w3.org/1999/xhtml" xml:lang="en" lang="en">
 <head>
  <title>
</title>
<meta http-equiv="Content-Type" content="text/html;charset=utf-8" />
  <meta name='ocr-system' content='tesseract 3.04.00' />
  <meta name='ocr-capabilities' content='ocr_page ocr_carea ocr_par ocr_line ocrx_word'/>
</head>
<body>
  <div class='ocr_page' id='page_1' title='image "./iosephiscaliger00scalgoog_0253.png"; bbox 0 0 3000 4725; ppageno 0'>
   <div class='ocr_carea' id='block_1_1' title="bbox 595 652 747 749">
    <p class='ocr_par' dir='ltr' id='par_1_1' title="bbox 595 652 747 749">
     <span class='ocr_line' id='line_1_1' title="bbox 595 652 747 749; baseline 0 -36"><span class='ocrx_word' id='word_1_1' title='bbox 595 652 747 749; x_wconf 47' lang='lat' dir='ltr'>—QQ</span> 
     </span>
    </p>
   </div>
   <div class='ocr_carea' id='block_1_2' title="bbox 228 783 1127 1241">
    <p class='ocr_par' dir='ltr' id='par_1_2' title="bbox 231 783 1127 989">
     <span class='ocr_line' id='line_1_2' title="bbox 231 783 1127 966; baseline -0.002 -83"><span class='ocrx_word' id='word_1_2' title='bbox 231 814 285 883; x_wconf 81' lang='grc' dir='ltr'>ΚΕ.</span> <span class='ocrx_word' id='word_1_3' title='bbox 304 815 364 903; x_wconf 85' lang='grc' dir='ltr'>Τὴν</span> <span class='ocrx_word' id='word_1_4' title='bbox 382 818 501 966; x_wconf 51' lang='grc' dir='ltr'>ἀλόχου</span> <span class='ocrx_word' id='word_1_5' title='bbox 515 821 658 901; x_wconf 83' lang='grc' dir='ltr'>γλῶσσαν</span> <span class='ocrx_word' id='word_1_6' title='bbox 676 823 813 905; x_wconf 77' lang='grc' dir='ltr'>χρηστῆς</span> <span class='ocrx_word' id='word_1_7' title='bbox 832 818 927 903; x_wconf 82' lang='grc' dir='ltr'>οὔσης</span> <span class='ocrx_word' id='word_1_8' title='bbox 947 783 1127 905; x_wconf 85' lang='grc' dir='ltr'>ἀνέχεσθαι.</span> 
     </span>
     <span class='ocr_line' id='line_1_3' title="bbox 302 901 1126 989; baseline 0.001 -23"><span class='ocrx_word' id='word_1_9' title='bbox 302 904 426 989; x_wconf 83' lang='grc' dir='ltr'>Δυσφορ</span> <span class='ocrx_word' id='word_1_10' title='bbox 447 926 490 967; x_wconf 83' lang='grc' dir='ltr'>ειν</span> <span class='ocrx_word' id='word_1_11' title='bbox 520 903 555 967; x_wconf 78' lang='grc' dir='ltr'>ολ</span> <span class='ocrx_word' id='word_1_12' title='bbox 584 905 695 977; x_wconf 82' lang='grc' dir='ltr'>κακὸν,</span> <span class='ocrx_word' id='word_1_13' title='bbox 720 905 931 987; x_wconf 84' lang='grc' dir='ltr'>γλωσσαλγεῖν</span> <span class='ocrx_word' id='word_1_14' title='bbox 959 904 987 965; x_wconf 83' lang='grc' dir='ltr'>δ’</span> <span class='ocrx_word' id='word_1_15' title='bbox 1012 901 1051 967; x_wconf 80' lang='grc' dir='ltr'>αὖ</span> <span class='ocrx_word' id='word_1_16' title='bbox 1077 906 1126 987; x_wconf 88' lang='grc' dir='ltr'>μὶν</span> 
     </span>
    </p>

    <p class='ocr_par' dir='ltr' id='par_1_3' title="bbox 228 986 1127 1241">
     <span class='ocr_line' id='line_1_4' title="bbox 228 986 1070 1157; baseline -0.001 -23"><span class='ocrx_word' id='word_1_17' title='bbox 228 1067 275 1141; x_wconf 64' lang='lat' dir='ltr'>Kc.</span> <span class='ocrx_word' id='word_1_18' title='bbox 300 1071 512 1157; x_wconf 80' lang='grc' dir='ltr'>Ἀμφοτέρους</span> <span class='ocrx_word' id='word_1_19' title='bbox 534 1072 693 1155; x_wconf 84' lang='grc' dir='ltr'>ἀγάπησον</span> <span class='ocrx_word' id='word_1_20' title='bbox 715 1069 766 1154; x_wconf 79' lang='grc' dir='ltr'>ἴσῃ</span> <span class='ocrx_word' id='word_1_21' title='bbox 787 986 1070 1155; x_wconf 62' lang='grc' dir='ltr'>φιλθέίίτθέθθκῆας.</span> 
     </span>
     <span class='ocr_line' id='line_1_5' title="bbox 299 1154 1127 1241; baseline -0.001 -21"><span class='ocrx_word' id='word_1_22' title='bbox 299 1155 350 1240; x_wconf 75' lang='grc' dir='ltr'>Μὴ</span> <span class='ocrx_word' id='word_1_23' title='bbox 372 1157 554 1241; x_wconf 74' lang='grc' dir='ltr'>προσκόψῃς</span> <span class='ocrx_word' id='word_1_24' title='bbox 574 1155 674 1240; x_wconf 78' lang='grc' dir='ltr'>μητρί,</span> <span class='ocrx_word' id='word_1_25' title='bbox 697 1154 903 1240; x_wconf 76' lang='grc' dir='ltr'>χαριζόμενος</span> <span class='ocrx_word' id='word_1_26' title='bbox 923 1154 1004 1218; x_wconf 88' lang='grc' dir='ltr'>πλέα</span> <span class='ocrx_word' id='word_1_27' title='bbox 1026 1156 1127 1240; x_wconf 88' lang='grc' dir='ltr'>πατρί.</span> 
     </span>
    </p>
   </div>
   <div class='ocr_carea' id='block_1_3' title="bbox 222 1318 1197 3940">
    <p class='ocr_par' dir='ltr' id='par_1_4' title="bbox 459 1318 880 1387">
     <span class='ocr_line' id='line_1_6' title="bbox 459 1318 880 1387; baseline -0.005 0"><span class='ocrx_word' id='word_1_28' title='bbox 459 1319 629 1387; x_wconf 85' lang='grc' dir='ltr'>ΒΙΒΛΙΟΝ</span> <span class='ocrx_word' id='word_1_29' title='bbox 652 1318 880 1387; x_wconf 85' lang='grc' dir='ltr'><strong>ΤΕΤΑΡΤΟΝ.</strong></span> 
     </span>
    </p>

    <p class='ocr_par' dir='ltr' id='par_1_5' title="bbox 226 1404 1197 1745">
     <span class='ocr_line' id='line_1_7' title="bbox 226 1404 1073 1492; baseline -0.005 -21"><span class='ocrx_word' id='word_1_30' title='bbox 226 1408 258 1471; x_wconf 81' lang='lat' dir='ltr'>A.</span> <span class='ocrx_word' id='word_1_31' title='bbox 291 1404 395 1477; x_wconf 84' lang='grc' dir='ltr'>Ὅστις</span> <span class='ocrx_word' id='word_1_32' title='bbox 417 1409 455 1491; x_wconf 85' lang='grc' dir='ltr'>δὴ</span> <span class='ocrx_word' id='word_1_33' title='bbox 477 1407 603 1476; x_wconf 87' lang='grc' dir='ltr'>ποθέεις</span> <span class='ocrx_word' id='word_1_34' title='bbox 624 1409 723 1492; x_wconf 85' lang='grc' dir='ltr'>βίοτον</span> <span class='ocrx_word' id='word_1_35' title='bbox 755 1409 869 1489; x_wconf 79' lang='grc' dir='ltr'>διάγειν</span> <span class='ocrx_word' id='word_1_36' title='bbox 893 1408 1073 1490; x_wconf 87' lang='grc' dir='ltr'>ἀτάρακτον,</span> 
     </span>
     <span class='ocr_line' id='line_1_8' title="bbox 300 1490 1197 1576; baseline -0.004 -20"><span class='ocrx_word' id='word_1_37' title='bbox 300 1491 363 1557; x_wconf 83' lang='grc' dir='ltr'>Νῦν</span> <span class='ocrx_word' id='word_1_38' title='bbox 390 1491 423 1555; x_wconf 81' lang='grc' dir='ltr'>δ’</span> <span class='ocrx_word' id='word_1_39' title='bbox 436 1493 515 1555; x_wconf 82' lang='grc' dir='ltr'>εἶναι</span> <span class='ocrx_word' id='word_1_40' title='bbox 536 1493 664 1556; x_wconf 85' lang='grc' dir='ltr'>παθέων</span> <span class='ocrx_word' id='word_1_41' title='bbox 687 1493 799 1576; x_wconf 81' lang='grc' dir='ltr'>ἀμιγὴς</span> <span class='ocrx_word' id='word_1_42' title='bbox 813 1495 873 1555; x_wconf 77' lang='grc' dir='ltr'>τῶν</span> <span class='ocrx_word' id='word_1_43' title='bbox 886 1491 993 1576; x_wconf 77' lang='grc' dir='ltr'>ἤθεσιν</span> <span class='ocrx_word' id='word_1_44' title='bbox 1005 1490 1128 1574; x_wconf 82' lang='grc' dir='ltr'>ἐχθρῶν</span> <span class='ocrx_word' id='word_1_45' title='bbox 1186 1538 1197 1561; x_wconf 85' lang='grc'><strong>.</strong></span> 
     </span>
     <span class='ocr_line' id='line_1_9' title="bbox 299 1574 1128 1660; baseline -0.005 -20"><span class='ocrx_word' id='word_1_46' title='bbox 299 1575 360 1646; x_wconf 83' lang='grc' dir='ltr'>Τάς</span> <span class='ocrx_word' id='word_1_47' title='bbox 383 1577 415 1639; x_wconf 82' lang='grc' dir='ltr'>θ’</span> <span class='ocrx_word' id='word_1_48' title='bbox 432 1574 671 1659; x_wconf 82' lang='grc' dir='ltr'>ὑποθημοσάνας</span> <span class='ocrx_word' id='word_1_49' title='bbox 692 1581 813 1660; x_wconf 86' lang='grc' dir='ltr'>συχνῶς</span> <span class='ocrx_word' id='word_1_50' title='bbox 831 1575 969 1658; x_wconf 80' lang='grc' dir='ltr'>μέμνησο</span> <span class='ocrx_word' id='word_1_51' title='bbox 981 1577 1128 1656; x_wconf 82' lang='grc' dir='ltr'>πολῆσαι,</span> 
     </span>
     <span class='ocr_line' id='line_1_10' title="bbox 300 1658 1128 1745; baseline -0.006 -20"><span class='ocrx_word' id='word_1_52' title='bbox 300 1658 353 1731; x_wconf 83' lang='grc' dir='ltr'>Οἱς</span> <span class='ocrx_word' id='word_1_53' title='bbox 377 1660 423 1725; x_wconf 87' lang='grc' dir='ltr'>ἔνι</span> <span class='ocrx_word' id='word_1_54' title='bbox 446 1663 540 1745; x_wconf 81' lang='grc' dir='ltr'>δήεις,</span> <span class='ocrx_word' id='word_1_55' title='bbox 564 1668 624 1723; x_wconf 82' lang='grc' dir='ltr'>τῶν</span> <span class='ocrx_word' id='word_1_56' title='bbox 648 1662 684 1723; x_wconf 84' lang='grc' dir='ltr'>σὺ</span> <span class='ocrx_word' id='word_1_57' title='bbox 710 1661 895 1728; x_wconf 83' lang='grc' dir='ltr'>διδάσκαλος</span> <span class='ocrx_word' id='word_1_58' title='bbox 916 1660 991 1744; x_wconf 81' lang='grc' dir='ltr'>ἔσσῃ</span> <span class='ocrx_word' id='word_1_59' title='bbox 1015 1660 1128 1744; x_wconf 78' lang='grc' dir='ltr'>ἑαυτῷ.</span> 
     </span>
    </p>

    <p class='ocr_par' dir='ltr' id='par_1_6' title="bbox 225 1740 1128 1917">
     <span class='ocr_line' id='line_1_11' title="bbox 225 1740 1128 1829; baseline -0.003 -22"><span class='ocrx_word' id='word_1_60' title='bbox 225 1740 256 1807; x_wconf 89' lang='grc' dir='ltr'>Β.</span> <span class='ocrx_word' id='word_1_61' title='bbox 296 1745 440 1809; x_wconf 78' lang='grc' dir='ltr'>Πλούτου</span> <span class='ocrx_word' id='word_1_62' title='bbox 461 1744 693 1829; x_wconf 82' lang='grc' dir='ltr'>ὑπερρρονέειν,</span> <span class='ocrx_word' id='word_1_63' title='bbox 717 1746 744 1807; x_wconf 84' lang='grc' dir='ltr'>εἰ</span> <span class='ocrx_word' id='word_1_64' title='bbox 766 1745 906 1827; x_wconf 72' lang='grc' dir='ltr'>λγῖςνόον</span> <span class='ocrx_word' id='word_1_65' title='bbox 923 1744 1027 1829; x_wconf 85' lang='grc' dir='ltr'>ὄλβιος</span> <span class='ocrx_word' id='word_1_66' title='bbox 1040 1742 1128 1821; x_wconf 81' lang='grc' dir='ltr'>εἶναι,</span> 
     </span>
     <span class='ocr_line' id='line_1_12' title="bbox 297 1828 1100 1917; baseline -0.005 -24"><span class='ocrx_word' id='word_1_67' title='bbox 297 1828 445 1917; x_wconf 85' lang='grc' dir='ltr'>Κίμβικες</span> <span class='ocrx_word' id='word_1_68' title='bbox 468 1829 502 1892; x_wconf 87' lang='grc' dir='ltr'>θν</span> <span class='ocrx_word' id='word_1_69' title='bbox 523 1828 690 1897; x_wconf 76' lang='grc' dir='ltr'>ποθέοντες</span> <span class='ocrx_word' id='word_1_70' title='bbox 714 1830 764 1893; x_wconf 80' lang='grc' dir='ltr'>ἀεὶ</span> <span class='ocrx_word' id='word_1_71' title='bbox 786 1832 905 1914; x_wconf 80' lang='grc' dir='ltr'>πτωχοὶ</span> <span class='ocrx_word' id='word_1_72' title='bbox 928 1828 1100 1892; x_wconf 79' lang='grc' dir='ltr'>τελέθουσι.</span> 
     </span>
    </p>

    <p class='ocr_par' dir='ltr' id='par_1_7' title="bbox 225 1910 1128 2082">
     <span class='ocr_line' id='line_1_13' title="bbox 225 1910 1107 2001; baseline -0.002 -27"><span class='ocrx_word' id='word_1_73' title='bbox 225 1910 253 1974; x_wconf 90' lang='grc' dir='ltr'>Γ.</span> <span class='ocrx_word' id='word_1_74' title='bbox 297 1912 444 2001; x_wconf 81' lang='grc' dir='ltr'>Ὠφελίαι</span> <span class='ocrx_word' id='word_1_75' title='bbox 464 1910 591 1998; x_wconf 76' lang='grc' dir='ltr'>φάσεως</span> <span class='ocrx_word' id='word_1_76' title='bbox 615 1914 688 1997; x_wconf 82' lang='grc' dir='ltr'>μάλ’</span> <span class='ocrx_word' id='word_1_77' title='bbox 702 1912 881 1981; x_wconf 84' lang='grc' dir='ltr'>ἀνελλιπέες</span> <span class='ocrx_word' id='word_1_78' title='bbox 904 1915 951 1977; x_wconf 88' lang='grc' dir='ltr'>σοὶ</span> <span class='ocrx_word' id='word_1_79' title='bbox 975 1911 1107 1988; x_wconf 82' lang='grc' dir='ltr'>ἔσονται,</span> 
     </span>
     <span class='ocr_line' id='line_1_14' title="bbox 292 1996 1128 2082; baseline -0.005 -21"><span class='ocrx_word' id='word_1_80' title='bbox 292 1996 350 2061; x_wconf 90' lang='grc' dir='ltr'>Ἢν</span> <span class='ocrx_word' id='word_1_81' title='bbox 373 1998 502 2082; x_wconf 76' lang='grc' dir='ltr'>στέρΕγς</span> <span class='ocrx_word' id='word_1_82' title='bbox 524 1998 645 2073; x_wconf 87' lang='grc' dir='ltr'>κείνοις,</span> <span class='ocrx_word' id='word_1_83' title='bbox 658 2002 717 2060; x_wconf 83' lang='grc' dir='ltr'>τῶν</span> <span class='ocrx_word' id='word_1_84' title='bbox 733 2020 790 2080; x_wconf 90' lang='grc' dir='ltr'>περ</span> <span class='ocrx_word' id='word_1_85' title='bbox 804 2000 890 2082; x_wconf 81' lang='grc' dir='ltr'>χρεώ</span> <span class='ocrx_word' id='word_1_86' title='bbox 907 1999 970 2061; x_wconf 87' lang='grc' dir='ltr'>ἐστι</span> <span class='ocrx_word' id='word_1_87' title='bbox 984 2000 1128 2082; x_wconf 87' lang='grc' dir='ltr'>βροτοῖσι.</span> 
     </span>
    </p>

    <p class='ocr_par' dir='ltr' id='par_1_8' title="bbox 226 2080 1129 2252">
     <span class='ocr_line' id='line_1_15' title="bbox 226 2080 1129 2166; baseline -0.001 -22"><span class='ocrx_word' id='word_1_88' title='bbox 226 2082 255 2144; x_wconf 81' lang='grc' dir='ltr'>Δ.</span> <span class='ocrx_word' id='word_1_89' title='bbox 297 2080 335 2146; x_wconf 84' lang='grc' dir='ltr'>Εἰ</span> <span class='ocrx_word' id='word_1_90' title='bbox 349 2084 389 2146; x_wconf 81' lang='grc' dir='ltr'>τὰ</span> <span class='ocrx_word' id='word_1_91' title='bbox 407 2084 447 2145; x_wconf 88' lang='grc' dir='ltr'>σά</span> <span class='ocrx_word' id='word_1_92' title='bbox 460 2083 501 2164; x_wconf 86' lang='grc' dir='ltr'>μὴ</span> <span class='ocrx_word' id='word_1_93' title='bbox 518 2080 667 2166; x_wconf 82' lang='grc' dir='ltr'>φράνιμος</span> <span class='ocrx_word' id='word_1_94' title='bbox 680 2085 724 2151; x_wconf 85' lang='grc' dir='ltr'>τὶς</span> <span class='ocrx_word' id='word_1_95' title='bbox 743 2083 803 2144; x_wconf 85' lang='grc' dir='ltr'>ἐὼν</span> <span class='ocrx_word' id='word_1_96' title='bbox 821 2082 936 2151; x_wconf 80' lang='grc' dir='ltr'>διέτεις</span> <span class='ocrx_word' id='word_1_97' title='bbox 949 2082 1129 2164; x_wconf 72' lang='grc' dir='ltr'>ἀλογίστοις,</span> 
     </span>
     <span class='ocr_line' id='line_1_16' title="bbox 298 2164 1129 2252; baseline -0.005 -21"><span class='ocrx_word' id='word_1_98' title='bbox 298 2166 351 2251; x_wconf 80' lang='grc' dir='ltr'>Μὴ</span> <span class='ocrx_word' id='word_1_99' title='bbox 375 2168 521 2251; x_wconf 80' lang='grc' dir='ltr'>κίκλησκε</span> <span class='ocrx_word' id='word_1_100' title='bbox 541 2164 577 2228; x_wconf 84' lang='grc' dir='ltr'>τό</span> <span class='ocrx_word' id='word_1_101' title='bbox 600 2189 637 2248; x_wconf 80' lang='grc' dir='ltr'>ην</span> <span class='ocrx_word' id='word_1_102' title='bbox 659 2168 779 2252; x_wconf 84' lang='grc' dir='ltr'>τυφλὴν</span> <span class='ocrx_word' id='word_1_103' title='bbox 807 2166 860 2249; x_wconf 85' lang='grc' dir='ltr'>τὴν</span> <span class='ocrx_word' id='word_1_104' title='bbox 885 2168 980 2251; x_wconf 81' lang='grc' dir='ltr'>μηδὲν</span> <span class='ocrx_word' id='word_1_105' title='bbox 1005 2166 1129 2228; x_wconf 81' lang='grc' dir='ltr'>έοῦσαν.</span> 
     </span>
    </p>

    <p class='ocr_par' dir='ltr' id='par_1_9' title="bbox 223 2244 1128 2483">
     <span class='ocr_line' id='line_1_17' title="bbox 223 2244 1128 2336; baseline 0.003 -26"><span class='ocrx_word' id='word_1_106' title='bbox 223 2244 253 2313; x_wconf 86' lang='grc' dir='ltr'>Ε.</span> <span class='ocrx_word' id='word_1_107' title='bbox 297 2253 390 2316; x_wconf 87' lang='grc' dir='ltr'>Φιλει</span> <span class='ocrx_word' id='word_1_108' title='bbox 410 2252 476 2335; x_wconf 82' lang='grc' dir='ltr'>μὲν,</span> <span class='ocrx_word' id='word_1_109' title='bbox 498 2272 627 2334; x_wconf 86' lang='grc' dir='ltr'>μετριως</span> <span class='ocrx_word' id='word_1_110' title='bbox 642 2252 677 2313; x_wconf 81' lang='grc' dir='ltr'>δὲ</span> <span class='ocrx_word' id='word_1_111' title='bbox 692 2252 775 2336; x_wconf 76' lang='grc' dir='ltr'>φίλει</span> <span class='ocrx_word' id='word_1_112' title='bbox 786 2252 820 2315; x_wconf 86' lang='grc' dir='ltr'>τὸ</span> <span class='ocrx_word' id='word_1_113' title='bbox 834 2253 1021 2336; x_wconf 89' lang='grc' dir='ltr'>νομίσματος</span> <span class='ocrx_word' id='word_1_114' title='bbox 1035 2250 1128 2327; x_wconf 82' lang='grc' dir='ltr'>εἶδος,</span> 
     </span>
     <span class='ocr_line' id='line_1_18' title="bbox 299 2333 1109 2483; baseline -0.004 -81"><span class='ocrx_word' id='word_1_115' title='bbox 299 2333 427 2405; x_wconf 81' lang='grc' dir='ltr'>Οὖτινος</span> <span class='ocrx_word' id='word_1_116' title='bbox 450 2334 487 2399; x_wconf 80' lang='grc' dir='ltr'>οὐ</span> <span class='ocrx_word' id='word_1_117' title='bbox 513 2336 682 2405; x_wconf 82' lang='grc' dir='ltr'>σπουδαῖος</span> <span class='ocrx_word' id='word_1_118' title='bbox 701 2337 778 2421; x_wconf 80' lang='grc' dir='ltr'>ἀνὴρ</span> <span class='ocrx_word' id='word_1_119' title='bbox 795 2334 845 2400; x_wconf 87' lang='grc' dir='ltr'>διὰ</span> <span class='ocrx_word' id='word_1_120' title='bbox 860 2338 976 2422; x_wconf 85' lang='grc' dir='ltr'>χαλκὸν</span> <span class='ocrx_word' id='word_1_121' title='bbox 994 2336 1109 2483; x_wconf 81' lang='grc' dir='ltr'>ἐρᾶται.</span> 
     </span>
    </p>

    <p class='ocr_par' dir='ltr' id='par_1_10' title="bbox 224 2421 1130 2592">
     <span class='ocr_line' id='line_1_19' title="bbox 224 2421 1081 2506; baseline -0.004 -20"><span class='ocrx_word' id='word_1_122' title='bbox 224 2441 246 2488; x_wconf 79' lang='grc' dir='ltr'>ς.</span> <span class='ocrx_word' id='word_1_123' title='bbox 296 2423 443 2506; x_wconf 82' lang='grc' dir='ltr'>Ἀφνειὸς</span> <span class='ocrx_word' id='word_1_124' title='bbox 462 2423 597 2501; x_wconf 84' lang='grc' dir='ltr'>γεγονὼς</span> <span class='ocrx_word' id='word_1_125' title='bbox 618 2421 737 2505; x_wconf 81' lang='grc' dir='ltr'>ἀμελὴς</span> <span class='ocrx_word' id='word_1_126' title='bbox 762 2423 802 2505; x_wconf 82' lang='grc' dir='ltr'>μὴ</span> <span class='ocrx_word' id='word_1_127' title='bbox 827 2425 970 2506; x_wconf 86' lang='grc' dir='ltr'>σώματος</span> <span class='ocrx_word' id='word_1_128' title='bbox 993 2444 1081 2484; x_wconf 87' lang='grc' dir='ltr'>εναι.</span> 
     </span>
     <span class='ocr_line' id='line_1_20' title="bbox 297 2503 1130 2592; baseline 0 -24"><span class='ocrx_word' id='word_1_129' title='bbox 297 2505 410 2592; x_wconf 87' lang='grc' dir='ltr'>Κέρμα</span> <span class='ocrx_word' id='word_1_130' title='bbox 424 2503 615 2589; x_wconf 86' lang='grc' dir='ltr'>ἔχεινοσέων</span> <span class='ocrx_word' id='word_1_131' title='bbox 627 2505 684 2589; x_wconf 88' lang='grc' dir='ltr'>γάρ</span> <span class='ocrx_word' id='word_1_132' title='bbox 695 2506 877 2583; x_wconf 84' lang='grc' dir='ltr'>ὁπλοάσιος,</span> <span class='ocrx_word' id='word_1_133' title='bbox 885 2507 941 2570; x_wconf 83' lang='grc' dir='ltr'>οὐκ</span> <span class='ocrx_word' id='word_1_134' title='bbox 952 2505 1019 2590; x_wconf 85' lang='grc' dir='ltr'>ἔχει</span> <span class='ocrx_word' id='word_1_135' title='bbox 1028 2505 1130 2570; x_wconf 85' lang='grc' dir='ltr'>αὑτόν.</span> 
     </span>
    </p>

    <p class='ocr_par' dir='ltr' id='par_1_11' title="bbox 223 2583 1131 2760">
     <span class='ocr_line' id='line_1_21' title="bbox 223 2583 1131 2674; baseline 0.008 -24"><span class='ocrx_word' id='word_1_136' title='bbox 223 2583 253 2652; x_wconf 87' lang='grc' dir='ltr'>Ζ.</span> <span class='ocrx_word' id='word_1_137' title='bbox 296 2591 506 2674; x_wconf 86' lang='grc' dir='ltr'>Παιδατρίβου</span> <span class='ocrx_word' id='word_1_138' title='bbox 530 2590 660 2671; x_wconf 80' lang='grc' dir='ltr'>μάστιγα</span> <span class='ocrx_word' id='word_1_139' title='bbox 689 2589 876 2674; x_wconf 76' lang='grc' dir='ltr'>μαθητεάοιν</span> <span class='ocrx_word' id='word_1_140' title='bbox 896 2590 965 2654; x_wconf 85' lang='grc' dir='ltr'>πότ’</span> <span class='ocrx_word' id='word_1_141' title='bbox 989 2589 1131 2665; x_wconf 80' lang='grc' dir='ltr'>ἀνατλὰς,</span> 
     </span>
     <span class='ocr_line' id='line_1_22' title="bbox 298 2671 1108 2760; baseline -0.004 -21"><span class='ocrx_word' id='word_1_142' title='bbox 298 2674 435 2739; x_wconf 84' lang='grc' dir='ltr'>Τέτλαθι</span> <span class='ocrx_word' id='word_1_143' title='bbox 455 2671 631 2758; x_wconf 82' lang='grc' dir='ltr'>χωομένοιο</span> <span class='ocrx_word' id='word_1_144' title='bbox 655 2673 836 2760; x_wconf 80' lang='grc' dir='ltr'>βαράρρυνα</span> <span class='ocrx_word' id='word_1_145' title='bbox 856 2677 971 2758; x_wconf 85' lang='grc' dir='ltr'>πατρὸς</span> <span class='ocrx_word' id='word_1_146' title='bbox 993 2675 1108 2758; x_wconf 82' lang='grc' dir='ltr'>ἐνιπήν.</span> 
     </span>
    </p>

    <p class='ocr_par' dir='ltr' id='par_1_12' title="bbox 222 2754 1131 2927">
     <span class='ocr_line' id='line_1_23' title="bbox 222 2754 1131 2845; baseline -0.002 -25"><span class='ocrx_word' id='word_1_147' title='bbox 222 2754 256 2820; x_wconf 92' lang='grc' dir='ltr'>Η.</span> <span class='ocrx_word' id='word_1_148' title='bbox 298 2756 1131 2845; x_wconf 79' lang='grc' dir='ltr'>Πράττετὰὠφελέονταπάλινδέγεταῦταφυλάσσου,</span> 
     </span>
     <span class='ocr_line' id='line_1_24' title="bbox 299 2841 1130 2927; baseline -0.008 -18"><span class='ocrx_word' id='word_1_149' title='bbox 299 2844 389 2909; x_wconf 82' lang='grc' dir='ltr'>Οἷσιν</span> <span class='ocrx_word' id='word_1_150' title='bbox 412 2843 518 2906; x_wconf 77' lang='grc' dir='ltr'>ὕπεστι</span> <span class='ocrx_word' id='word_1_151' title='bbox 537 2843 649 2926; x_wconf 79' lang='grc' dir='ltr'>πλάνη,</span> <span class='ocrx_word' id='word_1_152' title='bbox 680 2843 813 2927; x_wconf 84' lang='grc' dir='ltr'>μόχθοιο</span> <span class='ocrx_word' id='word_1_153' title='bbox 838 2843 872 2904; x_wconf 82' lang='grc' dir='ltr'>δὲ</span> <span class='ocrx_word' id='word_1_154' title='bbox 894 2845 988 2927; x_wconf 82' lang='grc' dir='ltr'>κῦβος</span> <span class='ocrx_word' id='word_1_155' title='bbox 1006 2841 1130 2924; x_wconf 82' lang='grc' dir='ltr'>ἄδηλος.</span> 
     </span>
    </p>

    <p class='ocr_par' dir='ltr' id='par_1_13' title="bbox 224 2924 1132 3096">
     <span class='ocr_line' id='line_1_25' title="bbox 224 2924 1098 3011; baseline -0.002 -21"><span class='ocrx_word' id='word_1_156' title='bbox 224 2925 254 2990; x_wconf 87' lang='grc' dir='ltr'>Θ.</span> <span class='ocrx_word' id='word_1_157' title='bbox 296 2928 350 3011; x_wconf 86' lang='grc' dir='ltr'>Μὴ</span> <span class='ocrx_word' id='word_1_158' title='bbox 374 2929 475 2989; x_wconf 86' lang='grc' dir='ltr'>πώλει</span> <span class='ocrx_word' id='word_1_159' title='bbox 496 2927 638 3002; x_wconf 78' lang='grc' dir='ltr'>αἰτοῦντι,</span> <span class='ocrx_word' id='word_1_160' title='bbox 660 2930 694 2990; x_wconf 83' lang='grc' dir='ltr'>τὸ</span> <span class='ocrx_word' id='word_1_161' title='bbox 719 2930 826 2990; x_wconf 84' lang='grc' dir='ltr'>δοῦναι</span> <span class='ocrx_word' id='word_1_162' title='bbox 845 2931 958 3010; x_wconf 83' lang='grc' dir='ltr'>προῖκα</span> <span class='ocrx_word' id='word_1_163' title='bbox 981 2924 1098 2988; x_wconf 83' lang='grc' dir='ltr'>δύναιο.</span> 
     </span>
     <span class='ocr_line' id='line_1_26' title="bbox 300 3009 1132 3096; baseline -0.004 -20"><span class='ocrx_word' id='word_1_164' title='bbox 300 3009 1132 3096; x_wconf 76' lang='grc' dir='ltr'>Τοθςάγαθοὺςεῦδρᾷν,μέροςοθβραχθκέρδεοςέστί.</span> 
     </span>
    </p>

    <p class='ocr_par' dir='ltr' id='par_1_14' title="bbox 223 3092 1131 3264">
     <span class='ocr_line' id='line_1_27' title="bbox 223 3092 1088 3180; baseline -0.005 -20"><span class='ocrx_word' id='word_1_165' title='bbox 223 3095 242 3160; x_wconf 87' lang='grc' dir='ltr'>Ι.</span> <span class='ocrx_word' id='word_1_166' title='bbox 295 3095 354 3160; x_wconf 88' lang='grc' dir='ltr'>’Ήν</span> <span class='ocrx_word' id='word_1_167' title='bbox 376 3119 403 3158; x_wconf 89' lang='grc' dir='ltr'>τι</span> <span class='ocrx_word' id='word_1_168' title='bbox 426 3095 658 3178; x_wconf 78' lang='grc' dir='ltr'>ὑποπτεάιγσθα,</span> <span class='ocrx_word' id='word_1_169' title='bbox 680 3095 853 3180; x_wconf 83' lang='grc' dir='ltr'>παραυτίκα</span> <span class='ocrx_word' id='word_1_170' title='bbox 875 3099 964 3157; x_wconf 79' lang='grc' dir='ltr'>τοῦτο</span> <span class='ocrx_word' id='word_1_171' title='bbox 989 3092 1088 3166; x_wconf 74' lang='grc' dir='ltr'>έταζε.</span> 
     </span>
     <span class='ocr_line' id='line_1_28' title="bbox 298 3178 1131 3264; baseline -0.004 -19"><span class='ocrx_word' id='word_1_172' title='bbox 298 3179 366 3245; x_wconf 86' lang='grc' dir='ltr'>Καί</span> <span class='ocrx_word' id='word_1_173' title='bbox 383 3179 413 3262; x_wconf 85' lang='grc' dir='ltr'>γ’</span> <span class='ocrx_word' id='word_1_174' title='bbox 439 3178 534 3242; x_wconf 81' lang='grc' dir='ltr'>εἴωθε</span> <span class='ocrx_word' id='word_1_175' title='bbox 553 3181 587 3242; x_wconf 86' lang='grc' dir='ltr'>τὸ</span> <span class='ocrx_word' id='word_1_176' title='bbox 606 3182 647 3264; x_wconf 82' lang='grc' dir='ltr'>μὴ</span> <span class='ocrx_word' id='word_1_177' title='bbox 668 3184 799 3264; x_wconf 81' lang='grc' dir='ltr'>πρώτως</span> <span class='ocrx_word' id='word_1_178' title='bbox 821 3179 1005 3264; x_wconf 83' lang='grc' dir='ltr'>βασανισθὲν</span> <span class='ocrx_word' id='word_1_179' title='bbox 1027 3180 1131 3244; x_wconf 83' lang='grc' dir='ltr'>ἀάσαι.</span> 
     </span>
    </p>

    <p class='ocr_par' dir='ltr' id='par_1_15' title="bbox 224 3262 1187 3433">
     <span class='ocr_line' id='line_1_29' title="bbox 224 3262 1187 3350; baseline -0.006 -19"><span class='ocrx_word' id='word_1_180' title='bbox 224 3265 271 3332; x_wconf 84' lang='grc' dir='ltr'>ΙΑ.</span> <span class='ocrx_word' id='word_1_181' title='bbox 300 3263 340 3328; x_wconf 87' lang='grc' dir='ltr'>Εἰ</span> <span class='ocrx_word' id='word_1_182' title='bbox 360 3266 494 3348; x_wconf 87' lang='grc' dir='ltr'>κάτοχος</span> <span class='ocrx_word' id='word_1_183' title='bbox 516 3262 676 3327; x_wconf 83' lang='grc' dir='ltr'>θελέασσιν</span> <span class='ocrx_word' id='word_1_184' title='bbox 700 3266 807 3350; x_wconf 80' lang='grc' dir='ltr'>ἐνίσχγγ</span> <span class='ocrx_word' id='word_1_185' title='bbox 831 3269 884 3346; x_wconf 79' lang='grc' dir='ltr'>τῆς</span> <span class='ocrx_word' id='word_1_186' title='bbox 901 3263 1099 3348; x_wconf 76' lang='grc' dir='ltr'>Ἀφροδίτης,</span> <span class='ocrx_word' id='word_1_187' title='bbox 1184 3269 1187 3275; x_wconf 87' lang='grc'><strong>’</strong></span> 
     </span>
     <span class='ocr_line' id='line_1_30' title="bbox 301 3348 1091 3433; baseline 0 -20"><span class='ocrx_word' id='word_1_188' title='bbox 301 3348 492 3433; x_wconf 81' lang='grc' dir='ltr'>Μαργοσιίνγγ</span> <span class='ocrx_word' id='word_1_189' title='bbox 517 3349 558 3431; x_wconf 85' lang='grc' dir='ltr'>μὴ</span> <span class='ocrx_word' id='word_1_190' title='bbox 580 3355 653 3412; x_wconf 85' lang='grc' dir='ltr'>νικῶ</span> <span class='ocrx_word' id='word_1_191' title='bbox 681 3350 787 3433; x_wconf 81' lang='grc' dir='ltr'>έταίργγ</span> <span class='ocrx_word' id='word_1_192' title='bbox 810 3353 868 3410; x_wconf 83' lang='grc' dir='ltr'>τῶν</span> <span class='ocrx_word' id='word_1_193' title='bbox 894 3349 952 3411; x_wconf 82' lang='grc' dir='ltr'>ὑπὸ</span> <span class='ocrx_word' id='word_1_194' title='bbox 976 3351 1091 3433; x_wconf 88' lang='grc' dir='ltr'>γαστρί.</span> 
     </span>
    </p>

    <p class='ocr_par' dir='ltr' id='par_1_16' title="bbox 223 3432 1132 3603">
     <span class='ocr_line' id='line_1_31' title="bbox 223 3432 1132 3520; baseline 0.001 -23"><span class='ocrx_word' id='word_1_195' title='bbox 223 3432 269 3499; x_wconf 89' lang='lat' dir='ltr'>lB.</span> <span class='ocrx_word' id='word_1_196' title='bbox 300 3435 339 3500; x_wconf 81' lang='grc' dir='ltr'>Εἰ</span> <span class='ocrx_word' id='word_1_197' title='bbox 362 3433 452 3518; x_wconf 81' lang='grc' dir='ltr'>φρεσὶ</span> <span class='ocrx_word' id='word_1_198' title='bbox 466 3439 553 3516; x_wconf 69' lang='grc' dir='ltr'>σῇσιν</span> <span class='ocrx_word' id='word_1_199' title='bbox 572 3433 669 3516; x_wconf 76' lang='grc' dir='ltr'>ἀρηρε</span> <span class='ocrx_word' id='word_1_200' title='bbox 684 3434 722 3497; x_wconf 87' lang='grc' dir='ltr'>τὰ</span> <span class='ocrx_word' id='word_1_201' title='bbox 735 3435 829 3518; x_wconf 80' lang='grc' dir='ltr'>θηρία</span> <span class='ocrx_word' id='word_1_202' title='bbox 843 3435 942 3496; x_wconf 83' lang='grc' dir='ltr'>πάντα</span> <span class='ocrx_word' id='word_1_203' title='bbox 956 3436 1132 3520; x_wconf 84' lang='grc' dir='ltr'>φοβεῖσθαι,</span> 
     </span>
     <span class='ocr_line' id='line_1_32' title="bbox 301 3516 1131 3603; baseline -0.005 -19"><span class='ocrx_word' id='word_1_204' title='bbox 301 3518 327 3584; x_wconf 89' lang='grc' dir='ltr'><strong>Τ</strong></span> <span class='ocrx_word' id='word_1_205' title='bbox 349 3517 437 3580; x_wconf 87' lang='grc' dir='ltr'>έσσαι</span> <span class='ocrx_word' id='word_1_206' title='bbox 452 3518 499 3580; x_wconf 78' lang='grc' dir='ltr'>ἕν’</span> <span class='ocrx_word' id='word_1_207' title='bbox 513 3516 677 3601; x_wconf 85' lang='grc' dir='ltr'>ἄνθρωπον</span> <span class='ocrx_word' id='word_1_208' title='bbox 690 3518 823 3600; x_wconf 81' lang='grc' dir='ltr'>κέλομαι</span> <span class='ocrx_word' id='word_1_209' title='bbox 838 3520 989 3603; x_wconf 85' lang='grc' dir='ltr'>περιώσια</span> <span class='ocrx_word' id='word_1_210' title='bbox 1000 3521 1131 3583; x_wconf 84' lang='grc' dir='ltr'>πάντων.</span> 
     </span>
    </p>

    <p class='ocr_par' dir='ltr' id='par_1_17' title="bbox 222 3601 1133 3772">
     <span class='ocr_line' id='line_1_33' title="bbox 222 3601 1132 3687; baseline -0.002 -22"><span class='ocrx_word' id='word_1_211' title='bbox 222 3601 268 3667; x_wconf 89' lang='grc' dir='ltr'>ΙΓ.</span> <span class='ocrx_word' id='word_1_212' title='bbox 296 3605 309 3630; x_wconf 75' lang='grc'>’</span> <span class='ocrx_word' id='word_1_213' title='bbox 340 3626 355 3664; x_wconf 98' lang='grc' dir='ltr'>ν</span> <span class='ocrx_word' id='word_1_214' title='bbox 377 3624 426 3664; x_wconf 92' lang='grc' dir='ltr'>σοι</span> <span class='ocrx_word' id='word_1_215' title='bbox 451 3603 608 3685; x_wconf 75' lang='grc' dir='ltr'>ἐνακμάζγγ</span> <span class='ocrx_word' id='word_1_216' title='bbox 634 3604 774 3687; x_wconf 80' lang='grc' dir='ltr'>στιβαρὸν</span> <span class='ocrx_word' id='word_1_217' title='bbox 799 3601 909 3671; x_wconf 80' lang='grc' dir='ltr'>σθένος</span> <span class='ocrx_word' id='word_1_218' title='bbox 931 3603 963 3664; x_wconf 82' lang='grc' dir='ltr'>ἐν</span> <span class='ocrx_word' id='word_1_219' title='bbox 978 3603 1132 3686; x_wconf 87' lang='grc' dir='ltr'>μελέεσσι,</span> 
     </span>
     <span class='ocr_line' id='line_1_34' title="bbox 305 3684 1133 3772; baseline 0.002 -22"><span class='ocrx_word' id='word_1_220' title='bbox 305 3684 369 3750; x_wconf 82' lang='grc' dir='ltr'>Τοῦ</span> <span class='ocrx_word' id='word_1_221' title='bbox 384 3686 524 3770; x_wconf 88' lang='grc' dir='ltr'>φρονέειν</span> <span class='ocrx_word' id='word_1_222' title='bbox 539 3687 706 3770; x_wconf 70' lang='grc' dir='ltr'>μελέδαιν.</span> <span class='ocrx_word' id='word_1_223' title='bbox 718 3689 818 3755; x_wconf 81' lang='grc' dir='ltr'>οὕτως</span> <span class='ocrx_word' id='word_1_224' title='bbox 831 3688 971 3772; x_wconf 86' lang='grc' dir='ltr'>ἀνδρεῖος</span> <span class='ocrx_word' id='word_1_225' title='bbox 981 3687 1133 3755; x_wconf 82' lang='grc' dir='ltr'>ἀνοίσεις.</span> 
     </span>
    </p>

    <p class='ocr_par' dir='ltr' id='par_1_18' title="bbox 224 3768 1132 3940">
     <span class='ocr_line' id='line_1_35' title="bbox 224 3768 1132 3855; baseline -0.001 -22"><span class='ocrx_word' id='word_1_226' title='bbox 224 3768 270 3836; x_wconf 85' lang='grc' dir='ltr'>ΙΔ.</span> <span class='ocrx_word' id='word_1_227' title='bbox 294 3769 354 3835; x_wconf 89' lang='grc' dir='ltr'>Ἢν</span> <span class='ocrx_word' id='word_1_228' title='bbox 369 3772 543 3854; x_wconf 81' lang='grc' dir='ltr'>κάμνιγσθα,</span> <span class='ocrx_word' id='word_1_229' title='bbox 553 3771 684 3851; x_wconf 75' lang='grc' dir='ltr'>μέτελθε</span> <span class='ocrx_word' id='word_1_230' title='bbox 698 3773 827 3855; x_wconf 82' lang='grc' dir='ltr'>νοσήλια</span> <span class='ocrx_word' id='word_1_231' title='bbox 838 3774 885 3835; x_wconf 84' lang='grc' dir='ltr'>σοὶ</span> <span class='ocrx_word' id='word_1_232' title='bbox 900 3771 976 3854; x_wconf 82' lang='grc' dir='ltr'>παρ’</span> <span class='ocrx_word' id='word_1_233' title='bbox 991 3773 1132 3855; x_wconf 83' lang='grc' dir='ltr'>ἑταίρων.</span> 
     </span>
     <span class='ocr_line' id='line_1_36' title="bbox 307 3854 1062 3940; baseline 0.001 -19"><span class='ocrx_word' id='word_1_234' title='bbox 307 3854 353 3921; x_wconf 65' lang='lat' dir='ltr'>Ob</span> <span class='ocrx_word' id='word_1_235' title='bbox 375 3861 494 3920; x_wconf 88' lang='grc' dir='ltr'>πιστοῖο</span> <span class='ocrx_word' id='word_1_236' title='bbox 517 3856 608 3940; x_wconf 88' lang='grc' dir='ltr'>φίλου</span> <span class='ocrx_word' id='word_1_237' title='bbox 631 3857 675 3925; x_wconf 90' lang='grc' dir='ltr'>τίς</span> <span class='ocrx_word' id='word_1_238' title='bbox 692 3857 825 3939; x_wconf 82' lang='grc' dir='ltr'>ἀμείνων</span> <span class='ocrx_word' id='word_1_239' title='bbox 850 3857 928 3921; x_wconf 87' lang='grc' dir='ltr'>ἐστὶν</span> <span class='ocrx_word' id='word_1_240' title='bbox 952 3855 1062 3938; x_wconf 80' lang='grc' dir='ltr'>ἰητρός.</span> 
     </span>
    </p>
   </div>
   <div class='ocr_carea' id='block_1_4' title="bbox 0 0 1504 4725">
    <p class='ocr_par' dir='ltr' id='par_1_19' title="bbox 0 0 1504 4725">
     <span class='ocr_line' id='line_1_37' title="bbox 0 0 1504 4725; baseline 0 0"><span class='ocrx_word' id='word_1_241' title='bbox 0 0 1504 4725; x_wconf 95' lang='lat' dir='ltr'> </span> 
     </span>
    </p>
   </div>
  </div>
 </body>
</html>
