3000 4725
591 662 741 757 aa„

228 822 333 884 Iilflant.
354 828 477 907 Agesis,
497 832 632 907 quisquis
653 834 767 893 amicus

228 908 296 969 rides
314 910 362 969 bic
383 933 540 989 praesens,
563 936 707 995 propera,
731 936 837 977 curret

227 992 353 1071 Impende
373 999 438 1058 viro
464 1000 537 1059 forti
555 1002 705 1062 officium,

226 1081 262 1137 Ac
278 1100 363 1140 nemo
384 1084 515 1159 quidem,
537 1087 624 1162 queis
645 1088 767 1164 loquor,
789 1088 893 1145 horum

226 1164 304 1223 Aiace
325 1166 382 1225 fuit
403 1169 511 1229 melior
532 1172 587 1230 vir.

226 1245 270 1307 Ch.
311 1250 407 1327 Quam
431 1255 526 1313 multa
546 1257 619 1316 viris
640 1257 712 1315 licet
732 1255 868 1333 expertis

225 1332 337 1394 Temere
360 1337 487 1397 discere.
512 1340 566 1399 sed
589 1342 766 1419 inexpertus

188 1450 189 1481 3
224 1415 382 1499 Praesagus
405 1442 494 1483 nemo
518 1425 609 1484 futuri
633 1436 687 1486 est.

384 1666 669 1751 eleemonis
694 1668 941 1748 ensentium.

223 1830 415 1914 Quaecunque
434 1841 547 1915 poscis,
568 1840 672 1899 ultima
694 1858 733 1897 ex
757 1838 875 1915 origine

221 1914 303 1980 Plane
322 1924 490 2001 oxpedibo:
514 1924 568 1983 sed
591 1934 692 1982 temen
712 1922 864 2000 prolixius

220 2000 320 2066 Parcas
338 2008 490 2083 loquenti:
513 2029 575 2068 non
601 2010 678 2069 enim
699 2008 796 2086 virgo,
816 2017 850 2065 ut
872 2006 968 2084 prius,

221 2084 321 2150 Secura
342 2092 433 2152 solvit
454 2094 614 2171 multiplex
637 2113 672 2153 os
691 2094 867 2166 carminum,

221 2170 272 2232 Sed
293 2187 321 2236 et
343 2178 501 2236 tumultum
528 2179 687 2237 murmuris
712 2178 797 2236 multi
822 2178 917 2250 ciens,

221 2254 430 2337 superstitiosa
450 2264 537 2323 fauce
562 2264 708 2323 bacchata
729 2272 777 2321 est
793 2282 913 2335 sonum,

221 2342 435 2410 Tenebricosae
457 2351 552 2410 verba
574 2348 720 2428 Sphingis
741 2349 918 2409 aemulansr

220 2425 339 2502 Quorum
364 2453 479 2495 memor
498 2455 583 2495 mens
614 2453 691 2510 quae
713 2435 787 2493 mibi
809 2453 889 2493 nunc
913 2433 1059 2511 suggerit,

182 2557 184 2588 ,
219 2515 338 2576 adverte
359 2518 443 2592 Rex,
466 2529 636 2596 putansque
654 2528 755 2577 mente
777 2520 907 2598 singule,

218 2595 355 2663 Percurre
380 2604 543 2664 dictionum
558 2605 800 2664 inobservabiles

219 2680 354 2748 Scrutaris
378 2707 529 2763 camenas,
552 2707 611 2764 qua
635 2689 781 2766 expedita
802 2690 909 2749 semita

216 2769 257 2827 Ad
272 2774 397 2850 planam
419 2775 537 2851 ineptos
561 2773 641 2832 ducit
665 2793 784 2832 errores
806 2775 896 2833 viam.

216 2852 273 2933 Ego
295 2866 326 2917 at
349 2858 462 2918 solutis
488 2878 639 2918 carcerum
661 2858 815 2936 repagulis

216 2936 376 3002 Verborum
400 2945 490 3003 obibo
511 2945 668 3003 flexuosos
689 2945 836 3018 tramites,

215 3020 399 3104 Primumque
423 3029 551 3106 pulsans
573 3029 725 3106 oppidum,
748 3037 781 3086 ut
805 3044 911 3087 cursor
933 3024 1023 3083 celer.

215 3105 322 3172 Matuta
345 3112 503 3192 Fagutalis
527 3115 605 3174 arcis
628 3113 760 3172 culmina

216 3190 284 3256 Citis
307 3198 526 3276 supervolabat
548 3199 607 3257 alis
626 3199 750 3276 Pegasi,
775 3232 777 3237 ,

215 3275 336 3341 (laecum
358 3283 494 3342 maritum
518 3284 656 3361 proxime
678 3282 807 3343 Cernem
830 3283 960 3342 insulam

215 3361 292 3426 Toro
316 3367 503 3444 relinquens,
526 3369 698 3448 bigenerem
722 3369 846 3427 fratrem
871 3376 968 3427 tuum:

214 3446 443 3530 Tranquillaque
468 3454 548 3513 ocris
568 3455 690 3513 concavi
711 3452 867 3512 ancoralia

212 3529 327 3596 Nautae
349 3537 485 3612 luebant,
508 3547 598 3616 atque
620 3537 867 3597 tonsillatenus:

212 3615 405 3681 Puellicidam
429 3634 459 3682 et
484 3622 688 3702 vermigradae
711 3621 861 3683 Salaciam

213 3699 316 3782 Scapis
339 3709 468 3768 ruebant
489 3728 505 3766 c
525 3708 718 3767 columbariis
744 3708 808 3766 suis

213 3785 418 3852 Ciconivestes
439 3793 570 3870 pupulae
594 3793 785 3865 Phalacriae,

213 3871 297 3934 Ultra
316 3875 469 3954 Oalydnas
493 3879 683 3937 obstinentes
705 3877 868 3955 palmulas,
