3000 4725
770 600 832 659 312

342 769 502 843 vecordis,
521 768 689 828 insessoris
712 770 805 826 etium
827 767 951 827 exerciti

340 856 479 915 Fratrem
501 861 639 913 vocaret:
659 853 704 911 nil
725 863 829 912 vetare
850 872 910 927 quo
933 852 1034 913 minus,

343 939 491 1001 Saxorum
513 940 630 998 acervis
653 940 780 999 obrutus
804 947 929 997 mortem
951 946 1085 1015 oppetat.

341 1026 446 1099 quue
468 1044 518 1084 res
539 1024 652 1082 rediret
671 1031 705 1080 ut
726 1024 846 1101 gladios
870 1023 933 1081 suis
1071 1084 1073 1087 ,
1314 1032 1315 1063 l

274 1106 326 1161 7³⁰
343 1110 465 1187 Vagins
486 1111 602 1168 eburna
622 1109 789 1168 liberarent
810 1108 954 1167 dexteris.

344 1193 407 1255 Sed
428 1196 522 1254 verbo
546 1195 644 1253 amico
666 1195 806 1271 reprimit
825 1192 959 1270 gliscens
982 1193 1096 1252 melum

343 1277 459 1339 Senum
481 1298 578 1339 senex
601 1286 701 1337 aetate
721 1278 989 1356 provectissumus.

343 1363 434 1423 Nunc
452 1385 524 1424 vero
546 1364 598 1422 ubi
621 1364 702 1422 Aiax
724 1372 782 1437 est,
814 1370 847 1420 ut
865 1362 912 1421 illi
931 1364 1007 1420 haec
1025 1362 1178 1423 indicem?

343 1449 487 1509 Dominis
510 1450 665 1527 negotium
688 1468 779 1507 omne
801 1447 937 1525 pandere
955 1448 1088 1524 expedit.

274 1528 326 1583 735
345 1532 401 1593 ch.
445 1533 520 1593 Non
542 1534 636 1592 estis
660 1534 754 1607 intus,
777 1552 881 1592 verum
903 1532 997 1591 abivit
1017 1533 1077 1591 ism
1100 1535 1204 1607 mods,

343 1618 480 1678 Consilia
500 1627 628 1678 nectens
651 1620 788 1677 moribus
808 1618 894 1677 novis
915 1637 1005 1677 nova.

343 1703 444 1762 Nunc.
490 1704 573 1777 Heu,
592 1705 662 1762 heu.

343 1788 405 1864 Qui
426 1789 510 1849 misit
530 1790 622 1848 istam
642 1808 692 1847 me
712 1789 805 1861 viam,
825 1795 876 1845 aut
894 1806 943 1845 me
963 1806 1030 1845 eam
1053 1788 1133 1845 viem

343 1874 444 1932 Tarde
465 1874 512 1931 illi
531 1874 624 1949 misit,
648 1882 700 1932 aut
721 1893 778 1951 ego
801 1873 906 1930 tardus
927 1872 980 1929 fui.

274 1958 327 2012 740
344 1957 400 2017 Oh.
441 1957 522 2031 Quid
544 1967 592 2017 est
614 1959 693 2035 quod
715 1960 773 2016 hac
785 1958 818 2016 in
830 1977 863 2015 re
879 1957 1088 2031 exequendum
1101 1956 1254 2017 omiseris?

342 2042 443 2101 Nunc.
484 2043 604 2103 Teucer
625 2046 759 2117 vetabat,
782 2063 820 2102 ne
844 2043 935 2100 domo
959 2042 1040 2100 Aiax
1060 2050 1152 2099 antea
1229 2062 1232 2067 ·

342 2128 445 2201 Prius,
466 2148 557 2204 qnam
579 2130 705 2189 adesset
724 2130 804 2207 ipse,
828 2127 961 2205 prodiret
978 2127 1073 2186 forus.

343 2212 399 2273 ch.
445 2212 598 2288 Sequutus
621 2222 670 2273 est
689 2214 824 2273 meliora.
848 2232 958 2288 nempe
981 2211 1134 2271 maxumis

342 2298 455 2356 Pacem
477 2299 614 2356 Deorum
634 2300 777 2376 precibus
803 2316 973 2374 exposcens
995 2299 1092 2356 abest.

273 2387 325 2442 745
343 2381 442 2442 Nunc.
486 2383 573 2442 Haec
592 2386 685 2442 verba
704 2385 797 2462 plane
819 2384 911 2460 plene
932 2391 1002 2442 sunt
1024 2381 1205 2454 dementiae,

244 2503 249 2510 ·
341 2469 382 2526 Et
403 2468 507 2541 stulta,
529 2469 557 2528 si
575 2469 646 2543 qnid
666 2489 818 2548 augurans
833 2467 963 2528 Calchas
987 2469 1076 2544 sepit.

344 2551 399 2612 Ch.
445 2551 562 2626 Quibus
584 2553 645 2612 ista
666 2556 786 2613 tandem
809 2554 905 2612 fretus
924 2553 1045 2612 indiciis
1066 2551 1136 2616 sis?

342 2636 442 2697 Nunc.
487 2640 553 2716 Ego
573 2648 729 2717 superstes
753 2640 837 2712 affui,
860 2647 949 2713 atque
968 2637 1101 2697 interfui.

341 2722 482 2800 Namque
505 2745 523 2782 e
548 2743 671 2798 corona,
694 2735 725 2783 et
744 2724 837 2802 regiis
862 2723 988 2782 comitiis
1284 2747 1285 2756 ¹

273 2811 326 2866 750
345 2807 476 2868 Calchas
496 2811 640 2888 resurgit:
666 2829 802 2869 seorsum
825 2809 948 2867 Atridas
971 2809 1099 2867 deserit:
1314 2827 1315 2868 l

342 2893 492 2953 Teucrum
511 2895 691 2971 prehendit:
715 2894 873 2972 copulatur
896 2894 1055 2953 dexteras:
1124 2937 1129 2944 .

340 2979 427 3037 Infit:
450 2989 607 3038 recenset:
627 2981 752 3038 mandat
771 2979 910 3038 omnibus
936 2980 1047 3051 modis,

341 3064 466 3122 Aiacem
485 3073 520 3122 ut
537 3066 627 3124 hodie
651 3066 757 3124 sedulo
779 3064 940 3122 coercitum
969 3125 972 3132 Ι

341 3147 428 3207 Intus
450 3153 580 3223 teneret,
604 3170 660 3208 nec
681 3151 766 3211 foras
792 3149 955 3206 emitteret:
1009 3197 1011 3204 r
1314 3157 1315 3162 ’

273 3230 324 3284 755
344 3230 379 3292 Si
398 3233 491 3292 vellet
507 3234 592 3293 illum
614 3237 770 3312 sospitem,
795 3248 830 3291 ac
853 3234 1057 3310 superstitem.

343 3315 476 3392 Nanque
498 3320 586 3393 hanc,
609 3340 708 3397 neque
731 3320 811 3377 ultra
831 3319 890 3394 (sic
910 3319 991 3375 enim
1011 3313 1162 3396 autumat)
1185 3315 1255 3374 diem
1314 3313 1315 3316 ’

342 3401 434 3460 Illum
454 3404 610 3463 Minervae
632 3406 715 3463 dirus
736 3411 860 3462 exercet
879 3404 973 3462 furo'r.

344 3485 425 3546 Nam
443 3488 552 3546 molem
574 3490 695 3548 inanem
717 3507 880 3565 corporum
902 3495 991 3564 atque
1011 3484 1151 3544 inutilem
1314 3563 1315 3570 ἵ

343 3572 442 3631 Missa
461 3574 551 3631 ruina
573 3575 700 3633 caelitus
720 3569 920 3651 procumbere

272 3659 325 3711 760
341 3657 527 3716 Perhibebat
545 3677 652 3736 augur,
672 3661 700 3718 si
720 3659 788 3734 quis
812 3659 974 3718 humanum
994 3653 1068 3714 nihil

341 3742 480 3818 Quanvis
502 3752 621 3803 creatus
647 3764 778 3821 corpore
798 3745 943 3816 humano,
968 3741 1057 3818 sepit.

342 3825 404 3887 Sed
424 3828 477 3887 ille
497 3836 528 3886 et
546 3829 623 3888 olim
644 3829 784 3905 primitus
805 3829 895 3905 domo
918 3827 1024 3886 exiens
