3000 4725
640 582 791 678 ,4-01ω

259 752 306 813 Ad
328 752 406 813 vada
429 752 588 831 sanguinei
612 752 772 811 Amsancti
790 758 881 826 atque
903 751 1173 832 obnubilatempla

260 837 399 913 Undique
420 845 578 896 ventantes
600 838 733 895 bumana
754 835 876 913 piacula
897 844 1033 914 propter,

259 922 401 982 Vesanae
423 930 511 999 atque
531 920 682 1000 petulcae,
706 923 878 1001 flagrorum·
891 922 1011 998 agmine
1033 930 1172 995 ovantes,

258 1008 411 1085 Angitiae,
431 1008 565 1081 ultrices,
586 1008 773 1086 rigidaeque,
796 1015 886 1082 atque
906 1006 1134 1084 hispidiveates,

259 1092 435 1167 Terribiles,
456 1093 528 1154 Orci
549 1101 667 1171 gnatae,
689 1092 979 1169 Vortumniligurae,

258 1178 379 1251 Aerias,
400 1178 528 1251 invisae,
550 1178 682 1237 leviores
703 1185 850 1254 praepete
869 1183 979 1235 mente.

258 1262 339 1321 Nam
361 1282 459 1338 neque
479 1262 528 1321 vel
552 1263 647 1321 citimi
670 1260 755 1323 Solis
777 1264 944 1337 Lunaeque
965 1261 1097 1334 labores,

258 1346 324 1406 Nec
343 1348 438 1407 virtus
462 1348 704 1424 sapientipotens
723 1366 780 1405 nec
806 1366 934 1405 amoena
953 1353 1097 1405 venustas

259 1434 426 1504 Artificum,
450 1432 559 1491 aetatis
580 1434 693 1492 nitidae
715 1452 773 1491 nec
793 1432 897 1491 adulta
919 1433 1070 1504 inventas,

259 1518 365 1577 Invitis
388 1518 476 1576 vobis
497 1517 640 1594 agitarint
658 1518 771 1596 gandia
789 1518 879 1575 laeta.

260 1600 386 1678 Semper
409 1605 441 1659 ab
460 1603 492 1661 in
511 1604 601 1663 terrie
622 1603 776 1663 hominum
795 1600 935 1661 mortalia
958 1600 1041 1659 secla

258 1688 380 1747 Iustitia
399 1687 504 1764 regitis
525 1688 687 1747 reddentes
710 1708 804 1746 aurea
821 1688 897 1745 iura.

260 1770 321 1833 Sed
344 1771 443 1831 Divae
466 1774 596 1846 Mortae,
616 1774 867 1849 serpentieomae,
890 1771 1066 1841 Volturnus,

259 1858 321 1917 Vos
341 1856 499 1933 placatum¹
516 1858 649 1917 animum
674 1857 790 1916 meliori
814 1857 931 1916 reddite
951 1854 1056 1913 menti.

375 2027 534 2105 Manarara
558 2027 729 2085 Pentrorum
749 2027 890 2100 suffimen,
913 2035 1054 2083 aromata.
1133 2023 1173 2084 69

260 2110 431 2171 Consentes
453 2104 562 2170 Manae
586 2110 769 2169 celebrabile
790 2130 902 2168 numen
924 2111 1082 2181 habentes,

260 2196 329 2253 Huc
351 2204 454 2255 castae
474 2195 611 2254 induforo
633 2203 800 2273 prognatae
819 2196 929 2254 Diiove
948 2214 1055 2271 purae,

259 2280 360 2339 Pusae
383 2280 548 2340 Tartareae
568 2281 692 2341 lunonis
717 2282 840 2339 alumna
858 2298 1022 2357 propagas,

260 2366 422 2426 Humanae
443 2386 520 2442 quae
540 2376 644 2428 censet
664 2368 769 2442 iniqua
789 2367 910 2443 piacula
928 2367 1039 2444 gentis,

257 2452 391 2512 Ultrices
414 2452 574 2525 scelerum,
597 2452 733 2512 excubiis
755 2453 864 2529 vigiles
888 2452 1052 2523 inhiantes,

259 2536 423 2610 Atricutes,
447 2537 647 2596 scintillantes
671 2556 763 2614 grave
783 2538 884 2614 fulgur
904 2537 1021 2615 ocellis,

261 2621 370 2682 Sacros
394 2622 603 2697 carnificisque
628 2623 773 2680 micantes
794 2621 917 2678 luminis
940 2622 1039 2697 ignes,

259 2707 409 2785 Reginae,
430 2714 583 2780 aeternae,
606 2714 794 2782 postvertae,
816 2704 1047 2779 terriculaeque,
1103 2722 1105 2727 ’
1136 2740 1140 2759 .

260 2792 405 2852 Tortores
427 2791 547 2852 stimulo
566 2792 697 2850 fatorum
722 2791 789 2848 iura
811 2798 960 2861 tenentes,

259 2876 438 2936 Nocturnae
457 2879 564 2954 pusae,
587 2876 756 2947 voltuosae,
780 2873 1009 2945 crinicolnbres,

260 2962 323 3021 Vos
347 2979 486 3033 veneror,
507 2980 560 3020 vos
583 2968 683 3032 mente
705 2960 759 3037 pia
780 2959 996 3018 adventassere
1018 2956 1143 3016 amicas.

264 3132 358 3189 Divae
378 3129 539 3190 Larundae
562 3130 765 3188 Mostellariae
786 3130 926 3206 raffirnerr,
951 3136 1092 3185 aromata.
1134 3125 1175 3184 70

261 3217 307 3276 Te
331 3235 460 3274 veneror
480 3233 640 3272 summane
658 3214 812 3287 Lemuria,
835 3214 918 3290 virgo
940 3211 1063 3288 palude,

261 3300 360 3375 Quam
380 3319 478 3379 prope
500 3299 668 3359 Avernales
691 3300 790 3358 fluxus
816 3297 988 3356 veneranda
1008 3295 1120 3373 pativit

237 3401 240 3408 '
260 3389 383 3445 Arcano
402 3385 563 3444 commista
584 3384 652 3443 Iovi
671 3383 857 3460 Proserpina
877 3401 991 3441 amore.

259 3472 302 3530 Et
325 3471 395 3548 quoi
417 3470 575 3530 concubuit
595 3468 652 3527 Dis
674 3468 791 3541 fraude,
815 3468 965 3545 cupidinis
987 3473 1075 3524 aestu

219 3581 223 3590 ·
261 3555 412 3629 Oalvitus,
434 3556 586 3632 traxitque
609 3555 804 3614 bimembrem
828 3554 926 3611 matri’
948 3552 1089 3611 colorem.

261 3640 351 3715 Quae
370 3659 465 3720 genus
485 3641 648 3698 humanum
669 3637 761 3697 furiat
778 3638 944 3697 larvalibus
964 3636 1091 3706 umbris,
1147 3703 1153 3714 1

262 3725 425 3786 Omuifera
445 3726 548 3804 specie
571 3732 759 3783 commutans
783 3724 907 3782 horrida
929 3724 1028 3793 volta3

260 3808 354 3871 Nunc
378 3809 460 3870 alara
482 3829 645 3889 apparens,
667 3827 745 3870 nunc
768 3808 893 3870 fuscans
914 3817 1000 3868 nocte
1021 3807 1156 3884 figuram.

932 3917 972 3976 26
