3000 4725
615 624 766 720 -ιοο-α

257 793 302 854 lix
322 795 551 873 epigrammate
568 794 687 853 ‘Italico
710 792 923 853 rotundissimi
945 794 1124 872 argumenti.

238 955 292 1041 ἤδη
314 920 452 1043 φροῦδον
472 956 526 1042 ἔην
549 888 894 1045 ψοῗρῆῐόῃόξτθτηῖειλεσιν
919 956 1036 1042 ἄσθμα,

274 1040 304 1105 κ’
328 1042 366 1107 οὐ
392 1044 494 1128 μακρὴ
514 1049 621 1127 περι”ν
640 1044 716 1128 τῇδε
737 1043 871 1127 θόραζεν
894 1041 982 1111 ὁδός·
1169 1059 1174 1069 ’

239 1125 377 1211 όππῆμος
399 1130 554 1211 μαλακαῖς
573 1068 741 1211 εόωδείησι
765 1126 924 1213 ρλίγοοσσ

274 1209 352 1295 άλλη
379 1212 547 1295 δυσπότμῳ
569 1214 653 1298 ψυχὴ
678 1213 870 1296 όπηντίασεν.

239 1294 261 1357 ὦ
282 1296 430 1381 γλυκεραὶ
454 1296 590 1372 σύνοδοι,
612 1298 638 1360 ὦ
663 1296 854 1383 σομβολίη·ἐ
876 1296 995 1379 στεινή·

274 1378 387 1443 δισσῶν
405 1379 464 1464 γὰρ
486 1386 595 1466 ψυχῶν
620 1384 727 1464 ζεῦγος
750 1381 933 1465 ἐναρμοδιον

240 1462 339 1547 δισσὴν
359 1463 527 1549 ἡμετέραις
549 1466 631 1547 ζωὴν
652 1466 813 1551 κραδίησιν
838 1462 949 1547 ἔθηκεν
1016 1496 1018 1503 ·

276 1546 329 1610 σὺν
349 1554 391 1633 τῇ
414 1550 547 1634 ἀμοιβαί
587 1553 682 1633 κηρὸς
703 1549 866 1635 ἐπηβολίη.

236 1631 284 1693 καί
299 1655 332 1695 τε
354 1633 458 1696 δοκῶν
480 1575 603 1697 θανίόιιν
627 1634 732 1702 δισσὰς
755 1632 857 1717 ψυχὰς
875 1629 951 1716 μοίλλ
976 1630 1121 1697 ἐπέσπον.

276 1718 326 1780 καὶ
347 1716 499 1783 δοκέοντα
522 1722 575 1801 ζῆν
600 1722 694 1802 μοῖρα
712 1718 798 1825 κίηεν
819 1717 967 1780 θανάτου.

238 1797 1048 1950 ΨΨΞθίθΨλὲῐἴαίίθῖοέῗθ..ἶῖί.ῗχαῳΨ·

238 1908 595 2055 αίτινεςράσπασίωςμψό
615 1972 652 2055 ὴν
675 1969 855 2054 συνδιπλ,αχ’
880 1931 1011 2046 ἕνόισαν,

279 2054 389 2138 διπλῆν
413 2077 448 2118 τε
471 2056 565 2139 ζωὴν,
589 1994 750 2118 όιπλάσιον
771 2078 804 2117 τε
826 2052 932 2138 μόρον.

273 2224 350 2285 Item
371 2246 413 2286 ex
422 2227 537 2286 Itelieo.
559 2246 597 2285 ex
612 2235 757 2304 tempore.
786 2223 890 2308 Ψυχὴ,
905 2224 962 2287 Ιναὶ
978 2220 1104 2307 Χάρων.

237 2300 272 2369 Χ.
295 2304 427 2394 Χάρων,
448 2306 574 2394 Χάρων.
607 2306 648 2372 Χ.
671 2309 715 2378 τίς
734 2307 823 2378 οὗτος
847 2308 986 2394 αὐθάδης
1002 2310 1082 2456 Ee&

237 2387 275 2454 Ψ.
296 2393 406 2462 πιστός
427 2393 458 2477 γ’
484 2393 615 2478 ἐραστὴς
635 2398 689 2475 τῆς
709 2394 806 2478 πόρον
830 2393 957 2478 χρηίζων
982 2396 998 2459 ὁ
1021 2399 1068 2458 οῦ.

238 2472 274 2538 Ψ.
297 2483 359 2562 φεῦ
382 2481 438 2561 τῆς
459 2478 603 2562 ἀνάγκης.
625 2479 677 2541 καὶ
699 2478 743 2547 τίς
763 2477 915 2562 αὐθέντης
938 2476 955 2542 ἔ
981 2500 1009 2556 υ,

237 2559 276 2628 τίς
294 2561 425 2647 αὖτόχει
467 2568 539 2638 σοῦς
562 2563 604 2626 Ψ.
628 2563 737 2640 δεινὸς,
763 2564 788 2625 ὦ
814 2561 942 2646 Χάρων,
963 2584 1052 2645 ερως.

238 2638 273 2706 Χ.
298 2646 400 2730 ἄλλην
421 2648 550 2710 απελθε.
574 2647 646 2715 τοὺς
667 2646 802 2730 ἓραστάς
825 2647 862 2710 οό
884 2652 981 2731 περῶ.

239 2727 275 2791 Ψ.
295 2733 411 2815 ταότην
432 2733 571 2816 περάσω,
595 2733 650 2814 κῆν
674 2731 782 2815 θέλης,
804 2733 859 2814 κῆν
884 2733 925 2815 μὴ
951 2730 1058 2814 θέλης,

239 2811 345 2900 ταύτην
374 2817 513 2899 περάσω.
537 2817 591 2881 οιαὶ
613 2816 670 2900 γὰρ
692 2814 732 2878 αὖ
755 2816 867 2882 τόσους
889 2812 955 2900 ἔχω

241 2899 382 2985 στερροὺς
404 2901 525 2969 ὀϊστοὺς
542 2905 624 2984 κῆρι,
645 2902 697 2964 καὶ
718 2901 845 2982 γλήναις
866 2900 961 2984 λίβος,

240 2982 314 3047 ὥστε
335 2986 466 3070 σκάφος,
487 2988 593 3069 κώπην
617 3007 660 3062 τε,
680 2985 732 3047 καὶ
753 2985 859 3067 λίμνην
879 2985 988 3046 ποιεῖν.

322 3155 480 3208 cetimum
503 3157 550 3206 dee
572 3156 674 3206 Boebes
694 3156 798 3220 puellae
820 3152 988 3206 Pictavieneie
1013 3150 1150 3216 (moribus,

389 3224 542 3285 eruditione,
559 3223 645 3274 forme
661 3223 910 3290 praestantissimae)
921 3221 1101 3286 Protreptieon
1118 3220 1152 3270 ed

388 3290 563 3349 christianiss.
581 3293 680 3356 Regem
693 3293 834 3344 Henrieum
841 3291 892 3344 111.
911 3289 1010 3341 Gallice
1023 3290 1151 3355 scriptum,

387 3369 413 3410 et
431 3360 536 3412 Graecis
559 3361 658 3411 lembis
685 3377 699 3410 e
718 3361 832 3428 Iosepho
854 3360 986 3424 scaligero
1006 3359 1054 3410 1111.
1076 3357 1151 3410 Ceos.
1204 3395 1209 3402 .

387 3429 418 3482 F.
439 3443 603 3496 expressum.

240 3505 301 3572 τοῖς
321 3506 438 3577 ἀξίοισι
455 3507 614 3578 δεξιωθείς
634 3512 694 3572 τῶν
716 3514 816 3592 γερῶν

279 3592 356 3675 πρὸς
374 3596 433 3656 τῶν
456 3593 598 3670 ὀθνείων,
619 3592 696 3677 πρός
713 3616 746 3655 τε
765 3595 924 3676 τηλουριῖιν
944 3594 1023 3655 λεῶν

280 3674 438 3761 λαμπρῶς,
463 3677 551 3761 μόλις
573 3679 622 3761 δὴ,
642 3677 761 3762 ’φέγγος
778 3677 904 3761 ἡρώων,
929 3675 1016 3760 μόλις

282 3758 372 3843 φίλην
397 3762 513 3847 ἀνέρχη
536 3763 613 3845 πρὸς
634 3762 750 3845 πάτραν
777 3759 989 3846 ἀπόστροφος·

281 3847 390 3915 καλαῖς
412 3845 442 3909 δ’
466 3848 612 3932 ἀμοιβαῖς
632 3847 835 3931 ἀνταμείβεις,
858 3847 883 3909 ὦ
908 3843 1019 3930 πρόμε,
