3000 4725
630 628 781 723 1—01

194 834 201 863 .
249 798 377 857 Miratur
400 797 462 857 veri
484 796 670 873 stupefactus
695 799 828 879 imagine
849 796 962 859 lectorz

248 880 315 941 Non
339 890 403 940 tam
426 882 503 956 quod
524 883 673 957 quaedam
697 893 745 944 est
758 882 1164 961 priscissuagratiarcbns,

250 968 347 1043 Quam
369 967 452 1042 quod
473 967 546 1025 flore
571 968 614 1025 tui
635 978 764 1029 vernent
781 967 918 1028 animata
938 967 1057 1044 leporis

247 1052 377 1111 Lumine
397 1070 550 1129 purpureo
574 1051 684 1128 Tyrias
706 1051 857 1111 imitantia
873 1051 969 1114 luces.

247 1138 408 1196 Annorum
432 1136 585 1211 saeclique
602 1154 716 1213 pareus
739 1137 888 1214 longaeva
908 1136 1066 1210 vetusne.

248 1220 303 1281 cui
324 1222 404 1279 caeli
427 1222 520 1281 servit
541 1222 648 1295 series,
672 1222 720 1287 eui
739 1230 881 1298 tempora
903 1229 991 1283 vaste
1072 1285 1077 1297 ,

247 1306 434 1384 Suppeditat
454 1314 562 1365 natura
584 1307 667 1366 sinu:
690 1326 769 1382 quaa
791 1324 885 1382 saepe
907 1324 1073 1370 renascens

246 1393 279 1450 Iu
301 1400 357 1450 tua
381 1400 412 1451 te
428 1409 554 1451 revocas
577 1392 717 1469 vestigia,
737 1401 827 1467 teque
848 1390 906 1450 tibi
927 1390 987 1467 ipsi

246 1477 411 1549 Restituis,
431 1476 548 1539 uolucri
569 1477 709 1554 relegens
731 1477 858 1537 exordia
877 1493 981 1535 cursu:

247 1562 363 1623 Omnia
384 1561 533 1623 veridicae
556 1561 672 1625 dmmut
698 1562 754 1627 tibi
772 1562 855 1621 facta
875 1558 1013 1623 Sorores.

247 1648 347 1707 Omne
374 1664 470 1724 genus
492 1665 593 1721 rerum
610 1647 666 1705 tibi
688 1645 841 1719 scribitur,
863 1662 953 1705 omne
973 1646 1122 1720 laborum,

245 1733 384 1791 Virtutes
407 1731 574 1803 homiuum,
598 1732 741 1808 vitiisque
762 1730 920 1789 haerentia
941 1738 1039 1809 gesta,

245 1817 282 1875 Et
300 1836 354 1875 res
381 1816 531 1883 humanas
551 1816 667 1876 incisas
687 1835 759 1876 sere
780 1816 908 1892 perenni

245 1903 279 1960 ln
300 1909 360 1959 tua
380 1902 531 1977 congestis
556 1901 666 1977 opibus
690 1901 825 1961 sacraria
846 1900 968 1959 condis:

246 1984 332 2059 Quae
357 1987 468 2062 partim
489 1986 621 2047 aeternis
643 1987 802 2063 signarunt
821 1985 918 2044 indita
936 1983 1037 2056 fastis,

246 2070 379 2149 Singula
399 2090 456 2147 per
478 2071 580 2131 varios
604 2071 755 2148 complexi
775 2070 899 2130 saecula
921 2088 1024 2140 casus,

245 2156 371 2215 Divinis
391 2156 531 2215 homiues
553 2157 675 2222 accensi
694 2164 820 2233 pectora
843 2153 941 2213 curisz

246 2242 365 2300 Partim
390 2258 492 2299 mersa
508 2241 605 2318 nigris
628 2240 739 2299 oblivio
759 2240 895 2302 condidit
912 2240 1039 2301 umbris.

246 2327 284 2386 Et
304 2343 389 2386 nuuc
411 2335 518 2386 cuncta
539 2326 598 2384 tuis
619 2326 718 2402 adytis
739 2327 882 2386 abstrusa
901 2324 1031 2387 laterent

247 2412 328 2470 Irato
351 2410 446 2484 caelo,
467 2412 498 2470 ni
519 2411 565 2470 vis
588 2411 720 2470 humana
743 2411 872 2470 subinde

246 2497 344 2556 Ereta
364 2497 403 2554 de
422 2496 548 2558 latebris
573 2497 649 2556 eseli
674 2497 825 2572 proferret
844 2496 878 2554 in
897 2514 979 2569 oras,

248 2581 337 2658 Quae
359 2581 454 2648 doctis
477 2588 612 2640 veterum
633 2581 744 2641 chartis
765 2581 916 2640 industria
937 2580 1035 2639 solers

247 2667 401 2744 Exposuit
418 2666 548 2733 nondum
569 2668 707 2744 proprios
728 2667 882 2742 patefacta
902 2685 958 2741 per
979 2682 1054 2723 usus

247 2752 380 2810 Arcanis
405 2769 517 2810 wueus
539 2751 681 2810 mortalia
701 2758 825 2827 pectore
847 2751 941 2808 curis:

248 2836 423 2896 Herbarum
446 2837 526 2896 vires
548 2837 668 2910 tacitas,
689 2843 833 2912 artesque
856 2831 1007 2902 medendi,

247 2920 388 2980 Naturae
410 2929 515 2997 partus
538 2921 652 2993 varios,
673 2921 886 2995 hominumque
908 2917 1061 2977 ministras

250 3007 486 3082 Quadrupedes,
508 3013 537 3064 et
557 3014 636 3067 tecta
659 3005 722 3065 suis
743 3003 888 3065 animalia
907 3000 1024 3071 lustris,

249 3091 440 3168 Pennigeras
463 3091 610 3163 volucres,
632 3091 778 3152 examina
799 3097 884 3148 muts
907 3092 1074 3156 natantum,

250 3177 390 3236 Membra
412 3175 600 3241 colubrorum
624 3177 723 3236 caeeis
746 3175 884 3239 habitate
902 3170 1038 3232 venenis.

251 3262 337 3319 Adde
361 3261 418 3322 his,
434 3261 572 3320 stelliferi
597 3271 711 3320 motum
735 3259 908 3320 comitantia
929 3255 1044 3329 mundi,

250 3347 291 3404 Et
310 3346 425 3404 mundo
448 3346 576 3406 adverso
598 3346 727 3406 nitentia
747 3345 863 3406 sidera:
892 3343 1017 3401 fratrem

251 3431 430 3508 Fulgentem
453 3433 588 3508 propria,
607 3431 742 3490 fraterne
761 3430 828 3489 luce
851 3446 997 3500 sororem,

253 3514 436 3574 Nimborum
460 3534 561 3588 casus,
585 3517 720 3590 elisaque
742 3515 859 3574 lumina
880 3513 988 3579 fissis,

252 3599 406 3673 Nubibus,
427 3609 459 3658 et
478 3601 613 3678 trepidas
632 3601 779 3660 terrentia
798 3599 926 3658 fulmina
946 3605 1075 3658 mentes.

254 3685 340 3760 Quae
363 3686 430 3760 quis
455 3706 520 3746 non
541 3686 623 3747 omni
644 3685 773 3747 rimatur
793 3684 939 3759 temporis
962 3685 1062 3744 here?

254 3769 319 3828 Nec
339 3771 400 3828 iam
424 3771 587 3831 confertam
605 3770 802 3844 nascentibus
824 3769 955 3844 undique
976 3767 1063 3831 libris

256 3853 443 3932 Scriptorum
461 3858 580 3917 turbam
601 3861 795 3934 &astantum
820 3853 915 3913 limite
934 3853 1005 3913 trito
