3000 4725
757 590 908 687 gs—

375 754 507 831 Opimos
529 755 632 833 glcdio
657 776 767 836 greges

372 839 519 916 Impedit,
541 860 727 918 gregumque
746 844 850 903 duces.

373 923 446 982 Teo.
490 926 542 984 Me
562 926 719 986 miserem:
740 947 847 988 amens
868 929 939 988 inde
959 931 1030 991 iude
1054 933 1131 993 foris

373 1006 503 1085 Captiva
519 1029 612 1069 manu
631 1013 728 1075 traxit
753 1032 879 1089 pascua.

371 1093 494 1153 Pontem
519 1096 552 1153 in
570 1095 653 1154 nude
672 1098 820 1176 iugulavit
844 1099 944 1158 humo.

371 1178 495 1237 Partem
520 1180 652 1238 mediam
673 1183 754 1241 mule
774 1182 929 1243 dissecuit.

370 1262 442 1323 Duo
463 1264 592 1343 lanigeri
610 1284 755 1343 proceres
777 1269 909 1343 pecoris,

370 1349 461 1407 Illum
485 1351 595 1428 capite,
619 1358 650 1408 et
668 1352 773 1431 lingue
796 1360 924 1411 truncat.

371 1434 462 1493 Hunc
483 1435 620 1495 destituit
641 1446 757 1496 rectum
779 1436 818 1495 ed
838 1438 931 1497 medii

371 1517 522 1579 columen
543 1520 624 1577 tecti.

369 1604 411 1662 Et
432 1603 498 1663 fera
519 1623 669 1679 quassans
691 1605 830 1678 vulnera,
852 1606 912 1665 lori

371 1687 489 1750 Saevus
511 1691 632 1749 hebeno
654 1690 780 1748 mulctet
800 1692 912 1767 equini.

369 1776 470 1849 Atque
492 1775 640 1852 oggannit
661 1794 724 1834 non
745 1778 829 1834 bona
850 1776 940 1850 dicto,

370 1858 444 1917 Non
464 1860 638 1919 humanitus
662 1878 699 1917 ec
718 1861 836 1919 doctus.

681 1945 871 2023 Antistropltc
893 1946 973 2004 XII.

371 2025 427 2086 Ch.
472 2029 538 2086 Iam
560 2036 680 2106 tempus
703 2031 859 2089 obnubere
880 2039 928 2091 est
947 2048 997 2089 cs·

372 2120 450 2188 ·put‚
471 2112 575 2170 timide
595 2121 625 2171 et
645 2133 776 2190 propero

369 2197 486 2273 Fugam
507 2216 617 2273 parare
635 2199 726 2258 furto.

371 2279 622 2358 Curriculumque
645 2283 696 2341 citi

330 2407 335 2412 ·
369 2367 455 2424 Leue
476 2367 599 2444 remigii
620 2368 666 2426 in-

370 2452 542 2524 ·scendere‚
564 2472 621 2510 nec
643 2471 769 2529 parcere
792 2453 871 2511 navi.

371 2536 487 2596 Tantus
508 2538 620 2609 minas,
641 2546 746 2613 totque
765 2538 903 2597 volutant

369 2621 517 2681 Proceres
540 2623 666 2682 Atridae

367 2704 481 2766 Duces.
505 2705 672 2784 Saxipetas
693 2727 764 2764 nom

368 2792 479 2869 Populi
500 2811 607 2850 vereor

368 2879 490 2951 Manus,
510 2897 570 2935 neu
589 2897 656 2936 oum
675 2896 712 2934 eo
734 2877 766 2934 in
788 2877 878 2935 malis

368 2961 428 3021 His
450 2963 570 3021 iacente
592 2962 781 3021 condoleam.

369 3046 443 3105 Teo.
482 3048 609 3106 Minime
629 3067 712 3105 vero.
737 3065 858 3120 nanque
882 3044 998 3104 silescit

370 3132 427 3204 [tt-
442 3152 502 3190 non
525 3133 688 3191 vehemens
707 3132 759 3205 qui
781 3131 874 3203 venit,
897 3133 1019 3190 Auster.

370 3214 450 3288 Quin
469 3232 548 3276 novo
568 3236 692 3294 compos
713 3216 840 3274 vulnera
859 3217 961 3274 sentit.

299 3301 351 3355 260
366 3298 448 3358 Nam
468 3320 525 3360 suo
545 3302 604 3360 sibi
626 3321 694 3360 oum
715 3302 784 3375 quis
808 3300 889 3358 mala
909 3307 1038 3378 spectat,

366 3384 406 3442 Et
429 3386 528 3445 socius
550 3387 582 3444 in
607 3389 652 3446 eis
673 3405 762 3445 nemo
782 3385 908 3458 accedit,

365 3468 413 3526 Ee
433 3471 536 3547 magni
562 3478 610 3529 est
636 3489 748 3530 caussa
772 3470 900 3530 doloris.

366 3551 423 3613 ch.
469 3554 632 3613 Hominem
650 3558 775 3615 beatum
799 3556 826 3614 si
848 3554 927 3612 malo
950 3552 1131 3630 defungitur.

364 3641 502 3698 Absente
524 3642 629 3699 morbo
650 3661 721 3699 nem
739 3642 901 3698 remittitur
920 3646 1028 3696 metus.

298 3727 348 3782 ‘l65
367 3722 439 3782 Teo.
483 3723 602 3782 Horum
621 3724 758 3801 placeret
776 3733 843 3783 utre
864 3723 996 3784 conditio
1015 3721 1130 3799 magis:

367 3807 442 3868 Cum
465 3828 522 3886 per
545 3818 574 3867 te
594 3810 701 3868 amicis
724 3819 772 3869 est
793 3809 884 3882 male,
907 3827 976 3868 esse
998 3806 1052 3864 tibi
1070 3808 1158 3878 bene,
