<?xml version="1.0" encoding="UTF-8"?>
<!DOCTYPE html PUBLIC "-//W3C//DTD XHTML 1.0 Transitional//EN"
    "http://www.w3.org/TR/xhtml1/DTD/xhtml1-transitional.dtd">
<html xmlns="http://www.w3.org/1999/xhtml" xml:lang="en" lang="en">
 <head>
  <title>
</title>
<meta http-equiv="Content-Type" content="text/html;charset=utf-8" />
  <meta name='ocr-system' content='tesseract 3.04.00' />
  <meta name='ocr-capabilities' content='ocr_page ocr_carea ocr_par ocr_line ocrx_word'/>
</head>
<body>
  <div class='ocr_page' id='page_1' title='image "./iosephiscaliger00scalgoog_0121.png"; bbox 0 0 3000 4725; ppageno 0'>
   <div class='ocr_carea' id='block_1_1' title="bbox 640 605 791 700">
    <p class='ocr_par' dir='ltr' id='par_1_1' title="bbox 640 605 791 700">
     <span class='ocr_line' id='line_1_1' title="bbox 640 605 791 700; baseline 0 -36"><span class='ocrx_word' id='word_1_1' title='bbox 640 605 791 700; x_wconf 40' lang='grc'><strong>-4-24-</strong></span> 
     </span>
    </p>
   </div>
   <div class='ocr_carea' id='block_1_2' title="bbox 255 769 1038 1190">
    <p class='ocr_par' dir='ltr' id='par_1_2' title="bbox 260 769 869 834">
     <span class='ocr_line' id='line_1_2' title="bbox 260 769 869 834; baseline -0.002 -2"><span class='ocrx_word' id='word_1_2' title='bbox 260 769 318 832; x_wconf 83' lang='lat' dir='ltr'><strong>Sed</strong></span> <span class='ocrx_word' id='word_1_3' title='bbox 340 773 518 833; x_wconf 85' lang='lat' dir='ltr'><strong>obsolescit</strong></span> <span class='ocrx_word' id='word_1_4' title='bbox 532 775 674 834; x_wconf 80' lang='lat' dir='ltr'><strong>comitcte</strong></span> <span class='ocrx_word' id='word_1_5' title='bbox 697 774 869 834; x_wconf 66' lang='lat' dir='ltr'><strong>auctoritas.</strong></span> 
     </span>
    </p>

    <p class='ocr_par' dir='ltr' id='par_1_3' title="bbox 258 855 907 930">
     <span class='ocr_line' id='line_1_3' title="bbox 258 855 907 930; baseline 0.003 -16"><span class='ocrx_word' id='word_1_6' title='bbox 258 855 372 915; x_wconf 88' lang='lat' dir='ltr'><strong>Homm</strong></span> <span class='ocrx_word' id='word_1_7' title='bbox 390 858 522 918; x_wconf 80' lang='lat' dir='ltr'><strong>duorum</strong></span> <span class='ocrx_word' id='word_1_8' title='bbox 541 868 662 918; x_wconf 86' lang='lat' dir='ltr'><strong>constet</strong></span> <span class='ocrx_word' id='word_1_9' title='bbox 681 869 714 918; x_wconf 86' lang='lat' dir='ltr'><strong>ut</strong></span> <span class='ocrx_word' id='word_1_10' title='bbox 732 859 817 919; x_wconf 85' lang='lat' dir='ltr'><strong>sslus</strong></span> <span class='ocrx_word' id='word_1_11' title='bbox 840 860 907 930; x_wconf 78' lang='lat' dir='ltr'><strong>tibi,</strong></span> 
     </span>
    </p>

    <p class='ocr_par' dir='ltr' id='par_1_4' title="bbox 256 940 1038 1100">
     <span class='ocr_line' id='line_1_4' title="bbox 257 940 1038 1019; baseline 0.004 -21"><span class='ocrx_word' id='word_1_12' title='bbox 257 940 323 1000; x_wconf 88' lang='lat' dir='ltr'><strong>Hoc</strong></span> <span class='ocrx_word' id='word_1_13' title='bbox 342 951 552 1019; x_wconf 79' lang='lat' dir='ltr'><strong>temperamen</strong></span> <span class='ocrx_word' id='word_1_14' title='bbox 576 955 623 1002; x_wconf 83' lang='lat' dir='ltr'><strong>est</strong></span> <span class='ocrx_word' id='word_1_15' title='bbox 645 946 820 1016; x_wconf 79' lang='lat' dir='ltr'><strong>tenendum,</strong></span> <span class='ocrx_word' id='word_1_16' title='bbox 844 953 938 1003; x_wconf 87' lang='lat' dir='ltr'><strong>utne</strong></span> <span class='ocrx_word' id='word_1_17' title='bbox 961 942 1038 1001; x_wconf 87' lang='lat' dir='ltr'><strong>velis</strong></span> 
     </span>
     <span class='ocr_line' id='line_1_5' title="bbox 256 1025 929 1100; baseline 0.001 -16"><span class='ocrx_word' id='word_1_18' title='bbox 256 1025 353 1087; x_wconf 83' lang='lat' dir='ltr'><strong>Nimis</strong></span> <span class='ocrx_word' id='word_1_19' title='bbox 374 1047 504 1087; x_wconf 85' lang='lat' dir='ltr'><strong>severus</strong></span> <span class='ocrx_word' id='word_1_20' title='bbox 528 1045 609 1100; x_wconf 83' lang='lat' dir='ltr'><strong>esse,</strong></span> <span class='ocrx_word' id='word_1_21' title='bbox 633 1048 689 1087; x_wconf 87' lang='lat' dir='ltr'><strong>nec</strong></span> <span class='ocrx_word' id='word_1_22' title='bbox 712 1030 809 1088; x_wconf 91' lang='lat' dir='ltr'><strong>comis</strong></span> <span class='ocrx_word' id='word_1_23' title='bbox 828 1029 929 1087; x_wconf 90' lang='lat' dir='ltr'><strong>nimis.</strong></span> 
     </span>
    </p>

    <p class='ocr_par' dir='ltr' id='par_1_5' title="bbox 255 1110 964 1190">
     <span class='ocr_line' id='line_1_6' title="bbox 255 1110 964 1190; baseline 0.001 -22"><span class='ocrx_word' id='word_1_24' title='bbox 255 1110 288 1168; x_wconf 95' lang='lat' dir='ltr'><strong>Id</strong></span> <span class='ocrx_word' id='word_1_25' title='bbox 309 1112 493 1190; x_wconf 81' lang='lat' dir='ltr'><strong>dignitatem</strong></span> <span class='ocrx_word' id='word_1_26' title='bbox 515 1121 572 1185; x_wconf 85' lang='lat' dir='ltr'><strong>est,</strong></span> <span class='ocrx_word' id='word_1_27' title='bbox 594 1114 649 1171; x_wconf 84' lang='lat' dir='ltr'><strong>hoc</strong></span> <span class='ocrx_word' id='word_1_28' title='bbox 672 1134 808 1173; x_wconf 81' lang='lat' dir='ltr'><strong>amorem</strong></span> <span class='ocrx_word' id='word_1_29' title='bbox 827 1114 964 1190; x_wconf 83' lang='lat' dir='ltr'><strong>perdere.</strong></span> 
     </span>
    </p>
   </div>
   <div class='ocr_carea' id='block_1_3' title="bbox 253 1279 1059 1783">
    <p class='ocr_par' dir='ltr' id='par_1_6' title="bbox 254 1279 1039 1444">
     <span class='ocr_line' id='line_1_7' title="bbox 255 1279 1039 1353; baseline 0.003 -17"><span class='ocrx_word' id='word_1_30' title='bbox 255 1279 302 1338; x_wconf 89' lang='grc'><strong>46.</strong></span> <span class='ocrx_word' id='word_1_31' title='bbox 345 1285 376 1341; x_wconf 84' lang='grc' dir='ltr'>Α</span> <span class='ocrx_word' id='word_1_32' title='bbox 400 1281 498 1340; x_wconf 91' lang='lat' dir='ltr'><strong>Plebe</strong></span> <span class='ocrx_word' id='word_1_33' title='bbox 518 1282 624 1353; x_wconf 76' lang='lat' dir='ltr'><strong>amari,</strong></span> <span class='ocrx_word' id='word_1_34' title='bbox 643 1301 706 1342; x_wconf 89' lang='lat' dir='ltr'><strong>non</strong></span> <span class='ocrx_word' id='word_1_35' title='bbox 727 1282 830 1340; x_wconf 86' lang='lat' dir='ltr'><strong>timeri</strong></span> <span class='ocrx_word' id='word_1_36' title='bbox 851 1281 920 1340; x_wconf 87' lang='lat' dir='ltr'><strong>Rex</strong></span> <span class='ocrx_word' id='word_1_37' title='bbox 942 1281 1039 1340; x_wconf 87' lang='lat' dir='ltr'><strong>stnde.</strong></span> 
     </span>
     <span class='ocr_line' id='line_1_8' title="bbox 254 1363 922 1444; baseline 0.004 -24"><span class='ocrx_word' id='word_1_38' title='bbox 254 1363 360 1424; x_wconf 87' lang='lat' dir='ltr'><strong>Timor</strong></span> <span class='ocrx_word' id='word_1_39' title='bbox 382 1367 531 1444; x_wconf 78' lang='lat' dir='ltr'><strong>magister</strong></span> <span class='ocrx_word' id='word_1_40' title='bbox 549 1365 683 1426; x_wconf 84' lang='lat' dir='ltr'><strong>infidelis</strong></span> <span class='ocrx_word' id='word_1_41' title='bbox 704 1366 843 1441; x_wconf 85' lang='lat' dir='ltr'><strong>obsequii</strong></span> <span class='ocrx_word' id='word_1_42' title='bbox 864 1373 922 1437; x_wconf 88' lang='lat' dir='ltr'><strong>est,</strong></span> 
     </span>
    </p>

    <p class='ocr_par' dir='ltr' id='par_1_7' title="bbox 254 1447 837 1511">
     <span class='ocr_line' id='line_1_9' title="bbox 254 1447 837 1511; baseline 0.003 -5"><span class='ocrx_word' id='word_1_43' title='bbox 254 1447 291 1506; x_wconf 82' lang='lat' dir='ltr'><strong>llt</strong></span> <span class='ocrx_word' id='word_1_44' title='bbox 311 1453 455 1511; x_wconf 82' lang='lat' dir='ltr'><strong>caritatis</strong></span> <span class='ocrx_word' id='word_1_45' title='bbox 474 1451 661 1510; x_wconf 87' lang='lat' dir='ltr'><strong>imbecillum</strong></span> <span class='ocrx_word' id='word_1_46' title='bbox 683 1451 837 1509; x_wconf 87' lang='lat' dir='ltr'><strong>vinculum</strong></span> 
     </span>
    </p>

    <p class='ocr_par' dir='ltr' id='par_1_8' title="bbox 253 1532 1059 1783">
     <span class='ocr_line' id='line_1_10' title="bbox 254 1532 917 1612; baseline 0.002 -22"><span class='ocrx_word' id='word_1_47' title='bbox 254 1532 357 1592; x_wconf 88' lang='lat' dir='ltr'><strong>Timor</strong></span> <span class='ocrx_word' id='word_1_48' title='bbox 376 1537 524 1595; x_wconf 81' lang='lat' dir='ltr'><strong>facessat.</strong></span> <span class='ocrx_word' id='word_1_49' title='bbox 547 1536 699 1612; x_wconf 90' lang='lat' dir='ltr'><strong>Principis</strong></span> <span class='ocrx_word' id='word_1_50' title='bbox 721 1554 823 1595; x_wconf 88' lang='lat' dir='ltr'><strong>mores</strong></span> <span class='ocrx_word' id='word_1_51' title='bbox 847 1534 917 1593; x_wconf 91' lang='lat' dir='ltr'><strong>boni</strong></span> 
     </span>
     <span class='ocr_line' id='line_1_11' title="bbox 253 1615 1010 1698; baseline 0.001 -24"><span class='ocrx_word' id='word_1_52' title='bbox 253 1615 394 1680; x_wconf 79' lang='lat' dir='ltr'><strong>Possunt</strong></span> <span class='ocrx_word' id='word_1_53' title='bbox 415 1622 497 1679; x_wconf 86' lang='lat' dir='ltr'><strong>idem</strong></span> <span class='ocrx_word' id='word_1_54' title='bbox 519 1630 688 1698; x_wconf 80' lang='lat' dir='ltr'><strong>praestare,</strong></span> <span class='ocrx_word' id='word_1_55' title='bbox 711 1622 794 1695; x_wconf 89' lang='lat' dir='ltr'><strong>quod</strong></span> <span class='ocrx_word' id='word_1_56' title='bbox 815 1619 862 1678; x_wconf 86' lang='lat' dir='ltr'><strong>vis</strong></span> <span class='ocrx_word' id='word_1_57' title='bbox 882 1617 1010 1694; x_wconf 82' lang='lat' dir='ltr'><strong>imperii.</strong></span> 
     </span>
     <span class='ocr_line' id='line_1_12' title="bbox 253 1703 1059 1783; baseline 0 -23"><span class='ocrx_word' id='word_1_58' title='bbox 253 1703 382 1764; x_wconf 87' lang='lat' dir='ltr'><strong>Multum</strong></span> <span class='ocrx_word' id='word_1_59' title='bbox 407 1706 598 1783; x_wconf 73' lang='lat' dir='ltr'><strong>imperando,</strong></span> <span class='ocrx_word' id='word_1_60' title='bbox 616 1706 686 1782; x_wconf 88' lang='lat' dir='ltr'><strong>plns</strong></span> <span class='ocrx_word' id='word_1_61' title='bbox 707 1706 838 1763; x_wconf 79' lang='lat' dir='ltr'><strong>emendo</strong></span> <span class='ocrx_word' id='word_1_62' title='bbox 859 1703 929 1762; x_wconf 86' lang='lat' dir='ltr'><strong>Rex</strong></span> <span class='ocrx_word' id='word_1_63' title='bbox 947 1712 1059 1779; x_wconf 81' lang='lat' dir='ltr'><strong>potest</strong></span> 
     </span>
    </p>
   </div>
   <div class='ocr_carea' id='block_1_4' title="bbox 254 1871 1023 2119">
    <p class='ocr_par' dir='ltr' id='par_1_9' title="bbox 254 1871 1023 2119">
     <span class='ocr_line' id='line_1_13' title="bbox 254 1871 1023 1951; baseline 0.003 -24"><span class='ocrx_word' id='word_1_64' title='bbox 254 1871 302 1930; x_wconf 86' lang='grc'><strong>47.</strong></span> <span class='ocrx_word' id='word_1_65' title='bbox 346 1874 499 1933; x_wconf 78' lang='lat' dir='ltr'><strong>Fortasse</strong></span> <span class='ocrx_word' id='word_1_66' title='bbox 521 1875 604 1934; x_wconf 88' lang='lat' dir='ltr'><strong>cives</strong></span> <span class='ocrx_word' id='word_1_67' title='bbox 623 1875 711 1951; x_wconf 88' lang='lat' dir='ltr'><strong>peius</strong></span> <span class='ocrx_word' id='word_1_68' title='bbox 733 1891 833 1951; x_wconf 79' lang='lat' dir='ltr'><strong>angue</strong></span> <span class='ocrx_word' id='word_1_69' title='bbox 848 1872 1023 1948; x_wconf 77' lang='lat' dir='ltr'><strong>Principem</strong></span> 
     </span>
     <span class='ocr_line' id='line_1_14' title="bbox 255 1953 877 2034; baseline 0.002 -20"><span class='ocrx_word' id='word_1_70' title='bbox 255 1953 370 2018; x_wconf 77' lang='lat' dir='ltr'><strong>Odisse</strong></span> <span class='ocrx_word' id='word_1_71' title='bbox 391 1959 524 2034; x_wconf 79' lang='lat' dir='ltr'><strong>possint,</strong></span> <span class='ocrx_word' id='word_1_72' title='bbox 545 1960 572 2018; x_wconf 90' lang='lat' dir='ltr'><strong>is</strong></span> <span class='ocrx_word' id='word_1_73' title='bbox 593 1960 665 2017; x_wconf 86' lang='lat' dir='ltr'><strong>licet</strong></span> <span class='ocrx_word' id='word_1_74' title='bbox 685 1977 745 2016; x_wconf 88' lang='lat' dir='ltr'><strong>non</strong></span> <span class='ocrx_word' id='word_1_75' title='bbox 769 1958 877 2016; x_wconf 85' lang='lat' dir='ltr'><strong>oderit.</strong></span> 
     </span>
     <span class='ocr_line' id='line_1_15' title="bbox 254 2041 957 2119; baseline 0.001 -21"><span class='ocrx_word' id='word_1_76' title='bbox 254 2041 293 2098; x_wconf 82' lang='lat' dir='ltr'><strong>At</strong></span> <span class='ocrx_word' id='word_1_77' title='bbox 310 2042 382 2118; x_wconf 88' lang='lat' dir='ltr'><strong>ipse</strong></span> <span class='ocrx_word' id='word_1_78' title='bbox 403 2045 499 2102; x_wconf 81' lang='lat' dir='ltr'><strong>sineri</strong></span> <span class='ocrx_word' id='word_1_79' title='bbox 521 2063 584 2102; x_wconf 87' lang='lat' dir='ltr'><strong>nnn</strong></span> <span class='ocrx_word' id='word_1_80' title='bbox 605 2052 717 2119; x_wconf 86' lang='lat' dir='ltr'><strong>potest,</strong></span> <span class='ocrx_word' id='word_1_81' title='bbox 740 2045 769 2102; x_wconf 88' lang='lat' dir='ltr'><strong>si</strong></span> <span class='ocrx_word' id='word_1_82' title='bbox 785 2063 845 2102; x_wconf 89' lang='lat' dir='ltr'><strong>non</strong></span> <span class='ocrx_word' id='word_1_83' title='bbox 866 2051 957 2100; x_wconf 76' lang='lat' dir='ltr'><strong>amet.</strong></span> 
     </span>
    </p>
   </div>
   <div class='ocr_carea' id='block_1_5' title="bbox 255 2211 1175 2545">
    <p class='ocr_par' dir='ltr' id='par_1_10' title="bbox 255 2211 1175 2375">
     <span class='ocr_line' id='line_1_16' title="bbox 256 2211 1175 2289; baseline 0.003 -23"><span class='ocrx_word' id='word_1_84' title='bbox 256 2211 303 2268; x_wconf 86' lang='grc'><strong>48.</strong></span> <span class='ocrx_word' id='word_1_85' title='bbox 349 2213 503 2289; x_wconf 83' lang='lat' dir='ltr'><strong>Princeps</strong></span> <span class='ocrx_word' id='word_1_86' title='bbox 526 2211 672 2270; x_wconf 85' lang='lat' dir='ltr'><strong>colendus</strong></span> <span class='ocrx_word' id='word_1_87' title='bbox 695 2213 844 2271; x_wconf 81' lang='lat' dir='ltr'><strong>hactenns</strong></span> <span class='ocrx_word' id='word_1_88' title='bbox 867 2213 917 2285; x_wconf 89' lang='lat' dir='ltr'><strong>sit,</strong></span> <span class='ocrx_word' id='word_1_89' title='bbox 939 2221 1088 2287; x_wconf 74' lang='lat' dir='ltr'><strong>quatenus</strong></span> <span class='ocrx_word' id='word_1_90' title='bbox 1172 2218 1175 2229; x_wconf 91' lang='lat'>&#39;</span> 
     </span>
     <span class='ocr_line' id='line_1_17' title="bbox 255 2293 800 2375; baseline 0.002 -22"><span class='ocrx_word' id='word_1_91' title='bbox 255 2293 325 2354; x_wconf 83' lang='lat' dir='ltr'><strong>Tibi</strong></span> <span class='ocrx_word' id='word_1_92' title='bbox 346 2297 442 2355; x_wconf 88' lang='lat' dir='ltr'><strong>licere</strong></span> <span class='ocrx_word' id='word_1_93' title='bbox 461 2307 490 2356; x_wconf 89' lang='lat' dir='ltr'><strong>et</strong></span> <span class='ocrx_word' id='word_1_94' title='bbox 513 2297 656 2375; x_wconf 83' lang='lat' dir='ltr'><strong>expedire</strong></span> <span class='ocrx_word' id='word_1_95' title='bbox 679 2298 739 2356; x_wconf 86' lang='lat' dir='ltr'><strong>scis</strong></span> <span class='ocrx_word' id='word_1_96' title='bbox 761 2298 800 2354; x_wconf 89' lang='lat' dir='ltr'><strong>ei.</strong></span> 
     </span>
    </p>

    <p class='ocr_par' dir='ltr' id='par_1_11' title="bbox 255 2377 984 2459">
     <span class='ocr_line' id='line_1_18' title="bbox 255 2377 984 2459; baseline 0.004 -20"><span class='ocrx_word' id='word_1_97' title='bbox 255 2377 360 2443; x_wconf 79' lang='lat' dir='ltr'><strong>Hotno</strong></span> <span class='ocrx_word' id='word_1_98' title='bbox 384 2383 537 2443; x_wconf 86' lang='lat' dir='ltr'><strong>secundus</strong></span> <span class='ocrx_word' id='word_1_99' title='bbox 562 2402 581 2441; x_wconf 81' lang='lat' dir='ltr'><strong>a</strong></span> <span class='ocrx_word' id='word_1_100' title='bbox 602 2382 683 2455; x_wconf 84' lang='lat' dir='ltr'><strong>Deo,</strong></span> <span class='ocrx_word' id='word_1_101' title='bbox 704 2392 860 2459; x_wconf 78' lang='lat' dir='ltr'><strong>acceptum</strong></span> <span class='ocrx_word' id='word_1_102' title='bbox 882 2384 984 2442; x_wconf 85' lang='lat' dir='ltr'><strong>ferens</strong></span> 
     </span>
    </p>

    <p class='ocr_par' dir='ltr' id='par_1_12' title="bbox 256 2462 942 2545">
     <span class='ocr_line' id='line_1_19' title="bbox 256 2462 942 2545; baseline 0.004 -22"><span class='ocrx_word' id='word_1_103' title='bbox 256 2462 334 2541; x_wconf 85' lang='lat' dir='ltr'><strong>Deo,</strong></span> <span class='ocrx_word' id='word_1_104' title='bbox 355 2468 440 2544; x_wconf 91' lang='lat' dir='ltr'><strong>quod</strong></span> <span class='ocrx_word' id='word_1_105' title='bbox 461 2469 529 2545; x_wconf 88' lang='lat' dir='ltr'><strong>ipse</strong></span> <span class='ocrx_word' id='word_1_106' title='bbox 552 2476 609 2540; x_wconf 83' lang='lat' dir='ltr'><strong>est,</strong></span> <span class='ocrx_word' id='word_1_107' title='bbox 632 2468 722 2527; x_wconf 86' lang='lat' dir='ltr'><strong>unico</strong></span> <span class='ocrx_word' id='word_1_108' title='bbox 745 2469 846 2527; x_wconf 88' lang='lat' dir='ltr'><strong>minor</strong></span> <span class='ocrx_word' id='word_1_109' title='bbox 863 2468 942 2527; x_wconf 90' lang='lat' dir='ltr'><strong>Den.</strong></span> 
     </span>
    </p>
   </div>
   <div class='ocr_carea' id='block_1_6' title="bbox 257 2634 1113 2884">
    <p class='ocr_par' dir='ltr' id='par_1_13' title="bbox 257 2634 1113 2884">
     <span class='ocr_line' id='line_1_20' title="bbox 259 2634 1044 2712; baseline 0.004 -22"><span class='ocrx_word' id='word_1_110' title='bbox 259 2634 309 2693; x_wconf 82' lang='grc'><strong>49.</strong></span> <span class='ocrx_word' id='word_1_111' title='bbox 354 2638 447 2696; x_wconf 77' lang='lat' dir='ltr'><strong>Bone.</strong></span> <span class='ocrx_word' id='word_1_112' title='bbox 467 2637 607 2695; x_wconf 75' lang='lat' dir='ltr'><strong>institute</strong></span> <span class='ocrx_word' id='word_1_113' title='bbox 626 2657 689 2695; x_wconf 88' lang='lat' dir='ltr'><strong>non</strong></span> <span class='ocrx_word' id='word_1_114' title='bbox 711 2638 786 2697; x_wconf 90' lang='lat' dir='ltr'><strong>boni</strong></span> <span class='ocrx_word' id='word_1_115' title='bbox 809 2638 861 2696; x_wconf 91' lang='lat' dir='ltr'><strong>odi</strong></span> <span class='ocrx_word' id='word_1_116' title='bbox 881 2636 1044 2712; x_wconf 88' lang='lat' dir='ltr'><strong>Principis,</strong></span> 
     </span>
     <span class='ocr_line' id='line_1_21' title="bbox 257 2718 1113 2798; baseline -0.004 -21"><span class='ocrx_word' id='word_1_117' title='bbox 257 2718 329 2781; x_wconf 88' lang='lat' dir='ltr'><strong>Non</strong></span> <span class='ocrx_word' id='word_1_118' title='bbox 353 2722 437 2798; x_wconf 92' lang='lat' dir='ltr'><strong>quod</strong></span> <span class='ocrx_word' id='word_1_119' title='bbox 455 2724 536 2781; x_wconf 82' lang='lat' dir='ltr'><strong>bona</strong></span> <span class='ocrx_word' id='word_1_120' title='bbox 557 2730 635 2794; x_wconf 76' lang='lat' dir='ltr'><strong>ncta,</strong></span> <span class='ocrx_word' id='word_1_121' title='bbox 662 2722 718 2781; x_wconf 88' lang='lat' dir='ltr'><strong>sed</strong></span> <span class='ocrx_word' id='word_1_122' title='bbox 741 2723 819 2796; x_wconf 90' lang='lat' dir='ltr'><strong>qnod</strong></span> <span class='ocrx_word' id='word_1_123' title='bbox 839 2730 942 2779; x_wconf 78' lang='lat' dir='ltr'><strong>auctor</strong></span> <span class='ocrx_word' id='word_1_124' title='bbox 964 2720 1113 2796; x_wconf 88' lang='lat' dir='ltr'><strong>displicet.</strong></span> 
     </span>
     <span class='ocr_line' id='line_1_22' title="bbox 258 2804 933 2884; baseline 0 -21"><span class='ocrx_word' id='word_1_125' title='bbox 258 2804 428 2866; x_wconf 74' lang='lat' dir='ltr'><strong>Laudanda</strong></span> <span class='ocrx_word' id='word_1_126' title='bbox 449 2807 552 2884; x_wconf 81' lang='lat' dir='ltr'><strong>Reges</strong></span> <span class='ocrx_word' id='word_1_127' title='bbox 574 2826 669 2884; x_wconf 79' lang='lat' dir='ltr'><strong>scepe</strong></span> <span class='ocrx_word' id='word_1_128' title='bbox 690 2808 830 2865; x_wconf 86' lang='lat' dir='ltr'><strong>fecerunt</strong></span> <span class='ocrx_word' id='word_1_129' title='bbox 850 2806 933 2864; x_wconf 84' lang='lat' dir='ltr'><strong>mnli.</strong></span> 
     </span>
    </p>
   </div>
   <div class='ocr_carea' id='block_1_7' title="bbox 258 2889 955 2969">
    <p class='ocr_par' dir='ltr' id='par_1_14' title="bbox 258 2889 955 2969">
     <span class='ocr_line' id='line_1_23' title="bbox 258 2889 955 2969; baseline -0.003 -21"><span class='ocrx_word' id='word_1_130' title='bbox 258 2889 400 2953; x_wconf 81' lang='lat' dir='ltr'><strong>Laudare</strong></span> <span class='ocrx_word' id='word_1_131' title='bbox 423 2892 540 2969; x_wconf 81' lang='lat' dir='ltr'><strong>Regem</strong></span> <span class='ocrx_word' id='word_1_132' title='bbox 560 2912 623 2951; x_wconf 90' lang='lat' dir='ltr'><strong>non</strong></span> <span class='ocrx_word' id='word_1_133' title='bbox 646 2901 732 2968; x_wconf 88' lang='lat' dir='ltr'><strong>potes</strong></span> <span class='ocrx_word' id='word_1_134' title='bbox 755 2893 815 2951; x_wconf 91' lang='lat' dir='ltr'><strong>nisi</strong></span> <span class='ocrx_word' id='word_1_135' title='bbox 835 2894 955 2950; x_wconf 87' lang='lat' dir='ltr'><strong>bonum.</strong></span> 
     </span>
    </p>
   </div>
   <div class='ocr_carea' id='block_1_8' title="bbox 259 3056 1179 3478">
    <p class='ocr_par' dir='ltr' id='par_1_15' title="bbox 260 3056 1179 3227">
     <span class='ocr_line' id='line_1_24' title="bbox 260 3056 1179 3138; baseline -0.007 -20"><span class='ocrx_word' id='word_1_136' title='bbox 260 3061 308 3121; x_wconf 81' lang='lat'><strong>50.</strong></span> <span class='ocrx_word' id='word_1_137' title='bbox 354 3062 515 3138; x_wconf 84' lang='lat' dir='ltr'><strong>Principes</strong></span> <span class='ocrx_word' id='word_1_138' title='bbox 528 3061 650 3121; x_wconf 74' lang='lat' dir='ltr'><strong>tributis</strong></span> <span class='ocrx_word' id='word_1_139' title='bbox 661 3070 751 3135; x_wconf 79' lang='lat' dir='ltr'><strong>atque</strong></span> <span class='ocrx_word' id='word_1_140' title='bbox 762 3061 967 3119; x_wconf 80' lang='lat' dir='ltr'><strong>functionibus</strong></span> <span class='ocrx_word' id='word_1_141' title='bbox 989 3057 1141 3133; x_wconf 78' lang='lat' dir='ltr'><strong>[Princeps</strong></span> <span class='ocrx_word' id='word_1_142' title='bbox 1147 3056 1179 3132; x_wconf 76' lang='grc'><strong>4]</strong></span> 
     </span>
     <span class='ocr_line' id='line_1_25' title="bbox 260 3144 820 3227; baseline 0 -22"><span class='ocrx_word' id='word_1_143' title='bbox 260 3144 362 3227; x_wconf 85' lang='lat' dir='ltr'><strong>Regni</strong></span> <span class='ocrx_word' id='word_1_144' title='bbox 381 3154 482 3205; x_wconf 83' lang='lat' dir='ltr'><strong>tuetur</strong></span> <span class='ocrx_word' id='word_1_145' title='bbox 504 3146 643 3222; x_wconf 83' lang='lat' dir='ltr'><strong>publices</strong></span> <span class='ocrx_word' id='word_1_146' title='bbox 664 3164 738 3221; x_wconf 87' lang='lat' dir='ltr'><strong>opes</strong></span> <span class='ocrx_word' id='word_1_147' title='bbox 761 3147 820 3220; x_wconf 83' lang='lat' dir='ltr'><strong>sui,</strong></span> 
     </span>
    </p>

    <p class='ocr_par' dir='ltr' id='par_1_16' title="bbox 259 3228 1099 3478">
     <span class='ocr_line' id='line_1_26' title="bbox 259 3228 1022 3308; baseline -0.007 -18"><span class='ocrx_word' id='word_1_148' title='bbox 259 3228 381 3290; x_wconf 89' lang='lat' dir='ltr'><strong>Bellum</strong></span> <span class='ocrx_word' id='word_1_149' title='bbox 400 3230 603 3303; x_wconf 81' lang='lat' dir='ltr'><strong>administret,</strong></span> <span class='ocrx_word' id='word_1_150' title='bbox 623 3232 761 3290; x_wconf 80' lang='lat' dir='ltr'><strong>hosticas</strong></span> <span class='ocrx_word' id='word_1_151' title='bbox 779 3232 893 3308; x_wconf 78' lang='lat' dir='ltr'><strong>frangit</strong></span> <span class='ocrx_word' id='word_1_152' title='bbox 913 3230 1022 3287; x_wconf 82' lang='lat' dir='ltr'><strong>mines.</strong></span> 
     </span>
     <span class='ocr_line' id='line_1_27' title="bbox 259 3314 1099 3395; baseline -0.006 -22"><span class='ocrx_word' id='word_1_153' title='bbox 259 3314 399 3394; x_wconf 78' lang='lat' dir='ltr'><strong>Vectigal</strong></span> <span class='ocrx_word' id='word_1_154' title='bbox 420 3334 519 3387; x_wconf 87' lang='lat' dir='ltr'><strong>omne,</strong></span> <span class='ocrx_word' id='word_1_155' title='bbox 543 3325 573 3373; x_wconf 91' lang='lat' dir='ltr'><strong>et</strong></span> <span class='ocrx_word' id='word_1_156' title='bbox 593 3316 739 3395; x_wconf 89' lang='lat' dir='ltr'><strong>quidquid</strong></span> <span class='ocrx_word' id='word_1_157' title='bbox 756 3318 894 3387; x_wconf 78' lang='lat' dir='ltr'><strong>infertur,</strong></span> <span class='ocrx_word' id='word_1_158' title='bbox 916 3316 1029 3373; x_wconf 92' lang='lat' dir='ltr'><strong>bonnm</strong></span> <span class='ocrx_word' id='word_1_159' title='bbox 1053 3322 1099 3370; x_wconf 92' lang='lat' dir='ltr'><strong>est</strong></span> 
     </span>
     <span class='ocr_line' id='line_1_28' title="bbox 262 3398 879 3478; baseline -0.003 -17"><span class='ocrx_word' id='word_1_160' title='bbox 262 3398 435 3464; x_wconf 61' lang='lat' dir='ltr'><strong>Commune,</strong></span> <span class='ocrx_word' id='word_1_161' title='bbox 447 3402 584 3471; x_wconf 82' lang='lat' dir='ltr'><strong>cunctis3</strong></span> <span class='ocrx_word' id='word_1_162' title='bbox 608 3402 737 3478; x_wconf 84' lang='lat' dir='ltr'><strong>singulis</strong></span> <span class='ocrx_word' id='word_1_163' title='bbox 759 3402 879 3459; x_wconf 68' lang='lat' dir='ltr'><strong>iniuris.</strong></span> 
     </span>
    </p>
   </div>
   <div class='ocr_carea' id='block_1_9' title="bbox 262 3568 1000 3901">
    <p class='ocr_par' dir='ltr' id='par_1_17' title="bbox 262 3568 1000 3722">
     <span class='ocr_line' id='line_1_29' title="bbox 262 3568 1000 3647; baseline -0.004 -17"><span class='ocrx_word' id='word_1_164' title='bbox 262 3570 312 3631; x_wconf 78' lang='lat'><strong>51.</strong></span> <span class='ocrx_word' id='word_1_165' title='bbox 357 3570 473 3647; x_wconf 68' lang='lat' dir='ltr'><strong>Terrae</strong></span> <span class='ocrx_word' id='word_1_166' title='bbox 495 3579 641 3647; x_wconf 81' lang='lat' dir='ltr'><strong>tyrannus</strong></span> <span class='ocrx_word' id='word_1_167' title='bbox 662 3568 868 3646; x_wconf 78' lang='lat' dir='ltr'><strong>Septimanise</strong></span> <span class='ocrx_word' id='word_1_168' title='bbox 890 3569 1000 3627; x_wconf 76' lang='lat' dir='ltr'><strong>arduas</strong></span> 
     </span>
     <span class='ocr_line' id='line_1_30' title="bbox 262 3654 871 3722; baseline -0.002 -9"><span class='ocrx_word' id='word_1_169' title='bbox 262 3654 378 3715; x_wconf 80' lang='lat' dir='ltr'><strong>Evertit</strong></span> <span class='ocrx_word' id='word_1_170' title='bbox 399 3654 492 3714; x_wconf 84' lang='lat' dir='ltr'><strong>aedes</strong></span> <span class='ocrx_word' id='word_1_171' title='bbox 513 3656 681 3715; x_wconf 75' lang='lat' dir='ltr'><strong>incolarum</strong></span> <span class='ocrx_word' id='word_1_172' title='bbox 704 3654 832 3714; x_wconf 85' lang='lat' dir='ltr'><strong>Oircins.</strong></span> <span class='ocrx_word' id='word_1_173' title='bbox 869 3719 871 3722; x_wconf 13' lang='lat' dir='ltr'>v</span> 
     </span>
    </p>

    <p class='ocr_par' dir='ltr' id='par_1_18' title="bbox 264 3736 804 3818">
     <span class='ocr_line' id='line_1_31' title="bbox 264 3736 804 3818; baseline -0.002 -18"><span class='ocrx_word' id='word_1_174' title='bbox 264 3736 324 3800; x_wconf 88' lang='lat' dir='ltr'><strong>Sed</strong></span> <span class='ocrx_word' id='word_1_175' title='bbox 346 3749 494 3804; x_wconf 80' lang='lat' dir='ltr'><strong>eestnoss.</strong></span> <span class='ocrx_word' id='word_1_176' title='bbox 513 3736 669 3818; x_wconf 83' lang='lat' dir='ltr'><strong>pestilenti</strong></span> <span class='ocrx_word' id='word_1_177' title='bbox 693 3739 804 3799; x_wconf 86' lang='lat' dir='ltr'><strong>sideris</strong></span> 
     </span>
    </p>

    <p class='ocr_par' dir='ltr' id='par_1_19' title="bbox 263 3822 889 3901">
     <span class='ocr_line' id='line_1_32' title="bbox 263 3822 889 3901; baseline -0.002 -19"><span class='ocrx_word' id='word_1_178' title='bbox 263 3822 345 3884; x_wconf 89' lang='lat' dir='ltr'><strong>Idem</strong></span> <span class='ocrx_word' id='word_1_179' title='bbox 372 3826 488 3887; x_wconf 75' lang='lat' dir='ltr'><strong>salubri</strong></span> <span class='ocrx_word' id='word_1_180' title='bbox 512 3824 746 3891; x_wconf 35' lang='lat' dir='ltr'><strong>dsmnnldiffert</strong></span> <span class='ocrx_word' id='word_1_181' title='bbox 763 3824 889 3901; x_wconf 88' lang='lat' dir='ltr'><strong>spiritu:</strong></span> 
     </span>
    </p>
   </div>
   <div class='ocr_carea' id='block_1_10' title="bbox 0 0 1511 4725">
    <p class='ocr_par' dir='ltr' id='par_1_20' title="bbox 0 0 1511 4725">
     <span class='ocr_line' id='line_1_33' title="bbox 0 0 1511 4725; baseline 0 0"><span class='ocrx_word' id='word_1_182' title='bbox 0 0 1511 4725; x_wconf 95' lang='lat' dir='ltr'><strong> </strong></span> 
     </span>
    </p>
   </div>
  </div>
 </body>
</html>
