3000 4725
717 662 868 753 Q—

335 830 386 889 38.
442 828 682 889 Christianorum
712 832 896 889 Francorum
925 840 950 887 ct
977 832 1151 891 Polonorum
1177 832 1250 908 Beni

544 914 669 973 Heorioo
691 916 757 973 ΙΙΙ.
807 916 920 974 Urania
941 917 1040 974 Maso.

334 998 485 1075 Princeps
505 1017 656 1071 sororum,
680 1018 759 1075 quse
781 1001 872 1057 beata
893 1019 1035 1061 secessus

334 1084 439 1143 Vireta
459 1083 613 1143 celebrant
638 1084 717 1142 inter
736 1088 857 1144 Aonum
882 1094 1002 1145 montes
1009 1106 1017 1156 ;

335 1168 462 1241 Urania,
486 1169 622 1242 quamvis
644 1188 693 1225 me
714 1178 837 1246 reposta
859 1170 1013 1228 caelorum

336 1251 463 1330 Species
480 1260 623 1325 moratur,
646 1254 814 1330 musicique
836 1263 1001 1314 concentus

334 1338 440 1418 Mundi
461 1337 605 1409 volantis3
627 1339 768 1397 conscias
791 1347 892 1397 tamen
916 1340 969 1399 fati

336 1421 421 1482 Coeli
436 1423 560 1480 choreas
584 1423 724 1496 astricas,
747 1432 777 1481 et
798 1425 948 1482 Erronum

336 1506 460 1584 Septem
483 1507 590 1581 reliqui
612 1508 721 1583 spatia,
752 1528 829 1582 quos
851 1510 920 1567 citis
945 1509 1023 1585 bigis

336 1590 494 1667 Curricula
516 1590 596 1653 Circi
621 1612 731 1669 magna
755 1611 877 1669 semper
897 1601 1051 1667 exercent,

334 1677 377 1737 Ut
398 1678 468 1735 hinc
489 1677 662 1737 ministrent
680 1678 744 1735 fata
763 1680 854 1736 rebus
879 1678 1029 1752 humanis,

334 1764 488 1821 Momente
507 1762 634 1832 varient,
656 1782 691 1821 ac
708 1764 881 1839 reciprocos
904 1782 994 1822 casus

335 1847 469 1907 Volvant
488 1846 655 1907 revolvant.
673 1846 826 1922 Namque
848 1867 898 1905 me
917 1849 988 1924 pius
1010 1850 1121 1909 mentis

334 1933 467 1995 Incessit
483 1932 580 2004 ardor,
602 1951 712 2009 magne
733 1933 813 2005 Rex,
839 1941 872 1990 ut
893 1934 972 1991 hunc
988 1942 1109 1992 nostres

335 2016 444 2077 Gentis
469 2016 620 2089 clientem,
644 2036 732 2089 quem
748 2029 887 2075 recenter
909 2037 928 2075 a
949 2019 1044 2097 nigris

335 2102 405 2161 Leti
427 2101 562 2159 tenebris
583 2101 781 2173 imminentis,
802 2121 821 2157 a
843 2102 926 2159 dirue

336 2185 510 2245 Oblivionis
531 2185 749 2245 vindicavimus
769 2186 845 2257 fato,

336 2269 420 2329 Tuas
444 2270 484 2331 ad
506 2288 586 2340 ares,
611 2270 650 2327 ad
671 2278 816 2345 tuumque
839 2270 978 2346 pulvinar

336 2354 472 2418 Sublime
493 2355 611 2428 sistam,
637 2355 664 2414 si
681 2355 771 2416 novis
794 2356 822 2414 ei
842 2356 960 2433 possim

335 2441 432 2499 Modis
454 2442 587 2500 honores
610 2459 787 2516 comparare
809 2442 938 2514 divinos,

335 2523 417 2598 Quos
441 2526 492 2583 dia
514 2525 609 2600 spirat
628 2545 701 2584 aura
724 2526 855 2585 numinis
877 2527 982 2598 vestri,

336 2608 483 2685 Solioque
502 2609 621 2686 fulgens
640 2611 792 2669 eminente
812 2612 969 2670 Maiestas.

337 2693 414 2772 Spes
437 2703 495 2767 est,
515 2702 567 2753 tuo
588 2703 620 2752 ut
641 2696 745 2754 favore
768 2697 858 2768 fotus,
882 2706 912 2753 et
931 2697 1004 2759 nido

336 2779 414 2838 Tuto
434 2788 585 2856 receptus,
606 2800 661 2838 nec
683 2780 835 2838 licentiam
858 2782 1000 2841 indoctae

334 2864 450 2938 Plebis,
474 2884 529 2924 neo
550 2865 644 2922 ullum
667 2867 779 2943 stigma
800 2865 1095 2938 Grammatistarum,

335 2949 402 3008 Nec
422 2950 580 3026 inquinata
601 2951 720 3023 menda,
745 2970 801 3009 neo
822 2959 1002 3010 vetustatem
1036 2959 1041 2977 ¹

336 3034 456 3096 Sentire
475 3055 576 3112 porro,
601 3055 657 3094 nec
676 3055 799 3112 gravem
819 3038 910 3094 situm
933 3037 1044 3112 possit.

335 3122 376 3177 At
398 3121 532 3178 universi
551 3128 649 3178 rector
671 3121 755 3179 orbis
777 3129 932 3198 Augustus

335 3204 496 3263 Praestare
515 3224 573 3261 non
595 3205 626 3262 id
644 3205 748 3279 quivit,
770 3213 802 3263 nt
823 3225 895 3264 suus
920 3207 1025 3275 Vates,

336 3287 395 3362 Qui
419 3308 489 3348 sese
508 3290 540 3346 in
562 3289 627 3347 eius
649 3290 772 3348 tradidit
791 3290 974 3362 clientelam,

335 3373 404 3432 Non
424 3374 484 3432 vim
509 3391 631 3432 severae
654 3375 757 3432 mortis
781 3375 983 3451 experiretur:

334 3457 444 3532 Neque
466 3458 519 3516 ille
542 3459 671 3531 mendis,
689 3467 779 3533 atque
799 3460 1048 3537 paedagogorum

337 3542 564 3603 contaminatus
592 3544 800 3603 obsolesceret
821 3545 920 3622 nugis.

336 3628 394 3701 Tu,
419 3647 509 3704 quum
532 3647 548 3685 e
567 3629 713 3700 tenebris,
736 3649 753 3686 e
777 3630 899 3688 silentio
921 3629 975 3686 leti

335 3713 457 3772 Illustre
478 3714 574 3772 victor
595 3713 724 3771 efferens
746 3723 848 3790 caput,
873 3733 943 3773 sese

335 3797 437 3856 Dedat
460 3799 513 3857 tibi
531 3797 626 3856 Poeta
647 3799 732 3872 (nam
750 3806 803 3857 tuo
828 3806 904 3857 nutu

335 3883 447 3943 Videre
469 3882 567 3942 lucem
590 3900 623 3941 se
645 3881 811 3960 fatetur)[‚]
834 3887 1002 3961 Augustum
