3000 4725
776 670 839 730 310

347 836 430 894 Iram
450 836 582 896 ferocem
602 836 747 911 deprecer
770 840 871 918 gravis
892 838 988 897 Deae.

346 923 423 980 Mox
443 919 574 996 aliquem
598 921 689 980 adibo
712 924 897 1001 inhospitum
922 932 952 981 ct
970 932 1086 983 tescum
1108 924 1218 1000 locum,

348 1006 517 1081 Telumqne
538 1006 582 1073 ibi
602 1006 846 1069 inimicissimum
869 1010 935 1083 hoc,
959 1028 1064 1068 ensem
1087 1029 1195 1085 meum,

348 1090 391 1151 Ut
411 1090 513 1149 videat
531 1090 607 1149 illud
628 1110 727 1167 nemo,
749 1094 907 1154 defossum
931 1095 1069 1168 obruam,

279 1169 331 1224 ⁶⁶0
350 1174 412 1236 Sed
432 1174 578 1234 creditum
602 1176 713 1251 Orcus,
734 1198 853 1254 noxque
875 1178 1046 1237 servassint
1066 1180 1135 1240 sibi.

347 1259 429 1319 Nam
453 1259 583 1336 denique
603 1280 642 1320 ex
663 1283 721 1339 quo
743 1271 933 1321 muneratum
955 1270 1090 1341 tempore

346 1346 412 1423 Ego
430 1344 506 1404 illud
524 1346 645 1405 hostica
662 1348 804 1408 Hectoris
824 1349 892 1425 cepi
916 1368 1024 1407 mauur

346 1430 468 1491 Exinde
491 1427 618 1507 adeptus
641 1434 685 1491 nil
710 1452 777 1492 sum
804 1435 841 1491 ab
861 1433 983 1512 Argivis
1008 1435 1089 1494 boni.

347 1515 463 1577 Scitum
487 1516 585 1576 estin
608 1536 658 1575 ore
681 1519 737 1576 hoc
761 1518 896 1577 amnium
919 1518 1030 1576 dictum
1052 1527 1158 1579 vetus:

278 1596 330 1651 ⁶65
347 1601 488 1661 Infausta
509 1620 636 1660 munera
659 1603 804 1676 hostium,
826 1622 882 1662 nee
902 1622 1036 1662 munera.

346 1686 511 1746 Discamus
535 1704 604 1765 ergo
625 1687 657 1745 iu
678 1697 831 1747 caeterum
852 1688 928 1748 Deis
951 1688 1048 1747 locum

348 1770 475 1844 Cedere,
498 1778 527 1829 et
545 1771 691 1832 honorem
712 1773 846 1832 debitum
868 1772 984 1833 Atridis
1006 1774 1087 1833 dare.

347 1855 429 1915 Nam
449 1856 603 1934 principes
626 1867 707 1930 sunt,
730 1858 957 1933 obsequendum
979 1867 1041 1917 est:
1063 1858 1221 1937 quippini?

346 1942 386 2000 Et
408 1941 514 2019 gravia
536 1960 614 2016 quae
636 1950 717 2016 sunt,
738 1961 875 2018 quaeque
898 1950 969 2002 suut
989 1944 1174 2021 immania[‚]

278 2024 331 2080 ⁶70
349 2025 468 2086 Cedunt
486 2026 604 2085 honori.
626 2027 706 2086 cedit
726 2035 757 2085 et
779 2029 825 2087 vis
845 2027 1008 2104 ninguidae

347 2110 481 2183 Hiemis‚
501 2111 553 2169 ubi
575 2121 678 2171 aestas
702 2122 802 2171 macta
822 2113 961 2190 frugibus
986 2114 1076 2173 venit.

349 2194 469 2255 Cedunt
492 2203 521 2253 et
535 2196 623 2272 ipsae
646 2197 744 2256 noctis
767 2200 912 2257 obscurae
933 2198 1015 2257 vices

347 2281 424 2339 Luci
446 2279 591 2338 albicauti
611 2281 714 2340 lumen
733 2283 845 2341 almum
865 2283 1040 2341 accendere.

348 2366 389 2424 Et
411 2365 507 2423 maria
530 2366 652 2426 tumidis
676 2368 816 2427 intonata
837 2369 958 2428 flatibus

277 2449 329 2502 675
346 2451 485 2509 Posuere
505 2451 623 2510 fluctus.
648 2452 742 2510 victor
762 2454 897 2512 omnium
921 2473 1014 2530 sopor

347 2535 499 2594 Devincta
520 2535 606 2593 laxat
624 2538 772 2612 membra,
795 2557 851 2596 nec
874 2555 995 2615 semper
1013 2545 1105 2596 tenet.

309 2614 311 2617 ’
346 2621 387 2679 Et
411 2639 466 2698 ego
487 2620 627 2679 modesta
644 2621 727 2679 facta
748 2624 883 2682 dubitem
905 2621 1066 2701 persequi?

347 2704 460 2779 Quare,
482 2715 515 2763 ut
534 2724 645 2782 reapse
665 2727 765 2784 nuper
788 2715 931 2785 expertus
954 2708 1009 2779 fui,

347 2789 416 2849 Hac
435 2791 496 2848 fine
518 2810 650 2867 semper,
670 2809 794 2866 censeo,
816 2793 972 2851 inimicum
996 2791 1108 2863 oderis,

277 2871 330 2926 ⁶⁸0
348 2875 509 2952 Tanquam
527 2875 608 2933 idem
630 2877 745 2936 amicus
770 2879 810 2936 sit
827 2878 957 2936 futurus.
977 2875 1111 2934 indidem

346 2961 384 3019 In
401 2969 517 3019 tantum
538 2961 636 3020 amico
659 2962 797 3020 munifex
817 2981 934 3021 morem
953 2981 1067 3040 geram,

347 3045 506 3122 Tanquam
528 3065 584 3104 nec
604 3046 684 3105 idem
710 3047 751 3105 sit
770 3047 898 3105 futurus.
922 3046 1042 3125 plurimi

346 3130 513 3208 Appellare
532 3131 632 3206 ipsum
653 3140 775 3207 portum
797 3131 947 3190 amicitiae
971 3131 1086 3189 timent.

347 3213 410 3275 Sed
430 3215 510 3274 belle
529 3216 684 3275 habebunt
700 3216 771 3275 ista.
792 3225 824 3274 tu
847 3236 918 3276 vero
939 3215 1058 3274 interim

277 3297 433 3358 ⁶851ntus
454 3319 579 3375 precare
600 3302 759 3377 perpetim,
780 3301 898 3375 mulier,
925 3301 1019 3373 Deos,

347 3381 515 3444 Succedere
537 3385 601 3458 illa,
626 3405 703 3460 quae
727 3386 837 3446 sedent
858 3387 972 3459 animo,
997 3383 1109 3444 omnia.

345 3467 385 3526 Et
406 3487 474 3541 vos,
495 3470 631 3543 sodales,
652 3471 738 3546 paria
760 3471 1006 3548 comprecamiui.

346 3553 492 3614 Mandata
511 3555 612 3613 verbis
634 3553 711 3613 haec
731 3557 808 3616 meis
834 3555 952 3616 Teucro
974 3556 1058 3613 date:

345 3638 399 3699 Uti
422 3657 479 3697 nos
505 3639 643 3712 acmessit,
665 3648 698 3698 ut
717 3642 790 3699 velit
805 3641 894 3700 vobis
918 3642 1005 3699 bene.

276 3724 329 3779 ⁶90
346 3723 532 3783 Proficiscor
551 3723 634 3797 illuc,
661 3744 721 3799 qun
741 3725 877 3802 proiecto
902 3743 979 3802 opus
1002 3723 1076 3783 mihi
1098 3731 1156 3782 est.

346 3809 412 3868 Vos
433 3810 520 3868 iussa
540 3816 722 3886 perpetrate.
745 3810 832 3870 forsit
854 3811 891 3868 de
913 3827 982 3868 mea

346 3892 452 3954 Salute
468 3894 644 3967 inaudiens,
666 3894 724 3952 etsi
743 3897 905 3972 perieram.
998 3897 1001 3904 ’
