3000 4725
602 644 755 739 gao-

509 806 607 870 Abroi
630 809 684 891 τὴν
707 810 841 893 ἁπαλὴν.
1041 817 1136 899 tm)

229 896 287 972 Ipsi
306 896 449 954 viderunt
465 895 561 954 Irenii
582 915 691 974 corpus
712 899 856 972 Amores,

263 981 302 1039 Ilt
319 978 455 1058 Cypriae
473 982 625 1042 thalamos
647 981 810 1041 destituere
831 984 927 1042 Deae.

227 1064 421 1123 Emendatum
443 1084 517 1142 opus
540 1066 579 1123 ad
599 1066 680 1127 talos
701 1087 720 1125 a
739 1069 864 1141 vertice,
889 1070 979 1147 signi,

262 1150 300 1209 Et
322 1152 491 1228 castigatae
511 1151 637 1228 virginis
657 1153 756 1213 instar
778 1155 905 1213 habens.

226 1235 300 1293 Hine
321 1236 355 1294 in
376 1236 532 1307 mortales,
555 1255 649 1297 nervo
672 1238 830 1311 stridente,
853 1238 966 1315 sagitta

262 1319 334 1380 Non
354 1340 420 1379 una
438 1340 478 1379 ex
497 1321 554 1379 illo
568 1330 710 1398 tempore
732 1316 830 1383 missa
851 1323 917 1381 luit.

487 1484 648 1567 Ζηνοφίλα
669 1489 784 1555 κάλλος
808 1488 874 1570 μὲν.
996 1516 997 1522 ¹
1040 1492 1136 1571 ζ(23)

226 1570 408 1634 Concubitus
431 1574 732 1650 venus‚illecebras,
752 1578 849 1634 Amor
867 1576 936 1652 ipse
955 1576 1097 1635 decorem
1213 1610 1221 1623 ·

262 1659 465 1737 Zenophilae,
491 1657 647 1718 Char-itum
670 1661 717 1719 sal
738 1659 847 1719 Charis
871 1660 941 1737 ipsa
959 1660 1050 1719 dedit.

459 1822 521 1887 Ναὶ
543 1826 587 1906 μὰ
608 1826 659 1887 τὸν
683 1823 891 1907 εὐπλόκαμον,
1040 1829 1136 1908 (Ol)

224 1908 278 1969 Per
298 1912 409 1971 Timus
430 1919 537 1986 tortos,
558 1912 610 1988 qui
630 1932 678 1971 me
699 1931 818 1989 cepere,
841 1913 989 1990 capillos:

259 1996 319 2055 Per
341 1998 474 2070 Demus,
498 2016 621 2057 somnos
643 2015 723 2074 quae
744 1997 818 2057 mihi
838 1999 973 2057 membra
993 1998 1113 2075 fugante

224 2079 330 2141 Iliados
354 2102 411 2159 per
430 2102 487 2159 ego
509 2083 683 2155 illecebras,
706 2083 889 2161 vigilemque
907 2084 1062 2141 lucernam

260 2166 360 2241 Hanc,
380 2186 451 2225 mea
470 2187 548 2243 quae
569 2167 683 2224 madidi
706 2168 840 2233 carmina
860 2169 955 2227 multa
976 2169 1066 2227 bibit:

224 2248 317 2310 Parva
338 2252 416 2310 mihi
435 2253 468 2310 in
484 2253 580 2310 labris
602 2260 677 2310 nota
694 2251 841 2325 vulneris,
857 2272 937 2327 ecce,
958 2253 1065 2312 relicta
1078 2262 1135 2317 est.

262 2337 350 2413 Quod
372 2337 400 2396 si
423 2339 481 2410 vis,
504 2338 596 2396 modo
619 2338 677 2411 dic,
702 2356 835 2415 expuam
857 2347 886 2397 et
904 2339 989 2411 illud,
1010 2343 1112 2399 Amor.

466 2499 519 2588 Τῷ
539 2504 652 2588 θαλλῷ
674 2504 793 2587 Διδύμη
824 2522 872 2586 με.
919 2533 921 2540 ’
1039 2511 1135 2588 ζ(26)

225 2593 268 2650 lle
289 2593 396 2671 rapuit
415 2593 512 2650 forma
528 2591 671 2668 Didyme.
683 2592 745 2650 xAh
768 2611 825 2670 ego
846 2595 935 2652 tabeo
959 2612 1086 2653 cernens

262 2679 338 2737 Tale
366 2678 468 2750 decus,
491 2679 589 2752 qualis
609 2697 680 2735 cera
700 2679 757 2735 sub
779 2679 849 2754 igne
871 2679 960 2735 cadit.

225 2764 260 2821 At
279 2765 370 2842 nigra
382 2771 438 2820 est.
458 2764 529 2837 quid
541 2763 624 2820 turn?
642 2763 734 2819 carbo
746 2781 875 2836 qnoque.
889 2761 923 2822 Si
936 2771 1037 2820 tamen
1049 2763 1135 2820 illum

261 2847 336 2926 Igne
356 2847 458 2919 foves,
480 2848 585 2924 fulget,
609 2847 663 2904 lux
684 2855 718 2904 ut
739 2846 841 2903 hiulca
862 2865 959 2905 rosae.

549 3009 681 3093 [λίσσομ’
699 3007 810 3093 Ἔρως.
1038 3009 1135 3094 ζ(27)

226 3097 266 3155 Te
286 3120 343 3176 per
365 3119 422 3177 ego
446 3106 571 3158 nostrae
586 3100 716 3176 supplex
734 3120 810 3177 rogo
832 3099 966 3156 carmina
983 3101 1100 3172 Musae,

262 3185 445 3257 Heliodora‚
467 3203 536 3242 meo
559 3193 680 3261 pectore
699 3186 788 3243 cedat
807 3188 909 3244 Amor.

225 3264 340 3346 Perque
361 3279 427 3328 tuos
453 3289 552 3341 arcus,
576 3270 628 3345 qui
649 3271 710 3328 iam
731 3272 847 3347 petiere
868 3286 924 3326 nec
945 3267 1051 3340 ullum,

263 3355 395 3414 Tantum
416 3355 448 3412 in
470 3374 518 3411 me
539 3354 655 3413 dociles
678 3357 797 3413 mittere
817 3355 878 3412 tela
901 3371 965 3412 aua.

227 3434 257 3495 si
277 3461 383 3517 pereo,
409 3458 514 3497 vocem
538 3441 682 3498 testantia
703 3441 838 3500 carmina
857 3439 1007 3514 linquam:

264 3526 398 3604 Aspicis,
421 3533 455 3582 ut
475 3525 566 3583 morti
588 3544 636 3581 me
661 3525 752 3597 dedit,
772 3526 898 3600 hospes,
918 3530 1020 3582 Amor.

627 3610 731 3667 Aliter.
942 3619 948 3632 ⁸

227 3688 257 3749 Si
279 3695 409 3772 supplex
430 3702 461 3752 te
482 3695 571 3753 Musa
590 3703 692 3753 movet
714 3713 792 3766 mea,
813 3712 885 3753 cura
904 3694 1048 3764 facessat,

266 3778 363 3854 Quam
385 3779 509 3857 vigilem
527 3780 560 3836 in
582 3780 672 3837 nobis
696 3779 869 3838 Heliodoro
891 3778 975 3850 serit,

226 3860 300 3921 Acer
321 3884 414 3923 amor.
436 3864 498 3923 Per
519 3871 560 3937 te,
583 3883 639 3940 per
661 3883 718 3942 ego
738 3873 791 3924 tua
809 3864 944 3923 maxima
965 3862 1037 3933 tela,
