3000 4725
611 682 762 777 „⁸¹-

243 844 296 904 lem
316 847 449 921 lendum,
472 856 502 905 et
524 868 624 909 rerum
646 851 755 910 melior
777 860 806 909 te
827 852 960 929 postulat
980 854 1064 914 ordo.
1155 890 1159 898 ·

243 928 284 991 Sic
304 952 374 1010 ego:
398 934 443 992 sic
463 931 544 991 Diva
565 935 623 993 hoc
645 954 786 995 sermone
809 936 931 997 silentia
952 940 1040 1015 rupit.
1143 964 1147 972 ¹

275 1016 427 1094 Principio
448 1016 567 1077 Natura
582 1038 705 1095 parens,
727 1040 818 1097 quum
837 1021 930 1080 vellet
950 1023 981 1081 in
999 1043 1061 1083 una

243 1096 380 1179 (longerie
407 1103 545 1161 decorum
569 1106 748 1164 commercia
770 1105 979 1181 multaeque,

241 1188 329 1263 Atque
349 1187 502 1245 hominem
525 1190 698 1267 exemplum
723 1190 814 1250 seclis
836 1190 957 1269 insigne
977 1193 1086 1254 futuris

241 1268 418 1345 Perturiens‚
439 1273 522 1331 cuius
545 1274 601 1332 sub
621 1283 741 1352 pectore
764 1275 906 1334 conderet
928 1276 993 1350 illa,

241 1352 321 1415 Hunc
341 1356 465 1416 humilis
488 1358 546 1416 vici
570 1360 669 1418 caecis
693 1360 797 1437 vagire
817 1360 955 1434 latebris,

241 1442 294 1499 Aut
309 1442 449 1519 ignorate
468 1442 573 1503 nutriri
595 1444 694 1505 noluit
714 1447 799 1518 urbe,

229 1522 294 1585 ,seu
313 1528 398 1605 regni
420 1527 553 1602 demina,
577 1530 657 1605 quod
678 1530 781 1606 regnis
804 1529 942 1587 omnibus
965 1530 1059 1604 orbis,

243 1610 381 1671 Omnibus
403 1612 542 1688 Europae
564 1613 723 1691 praecellit
745 1623 779 1673 nt
799 1614 923 1673 urbibus
945 1613 1012 1672 illa:

242 1694 276 1755 Ut
296 1716 453 1756 commune
471 1697 574 1772 decus,
597 1699 760 1775 sociaeque
783 1699 916 1776 insignia
939 1698 1039 1757 laudis

243 1780 309 1839 Tam
329 1782 411 1841 locus
433 1802 453 1840 a
472 1791 545 1843 nato
565 1792 696 1859 caperet,
721 1803 812 1859 quam
834 1790 923 1843 natus
944 1785 983 1841 ab
1004 1783 1069 1843 illo.

242 1864 399 1943 Regnetrix
421 1868 521 1925 clerae
542 1888 691 1945 generosa
712 1869 835 1927 Lutetia
851 1876 961 1941 terrae,

243 1950 310 2025 Quis
332 1970 502 2011 memorere
526 1961 593 2012 tuas
615 1962 663 2014 sat
687 1954 778 2033 digno
800 1954 933 2012 carmine
956 1953 1041 2012 dotes

241 2038 295 2093 Aut
314 2034 419 2096 leudes
443 2056 574 2114 aequare
594 2047 694 2114 queat,
716 2058 795 2114 quee
816 2038 919 2096 debita
934 2038 1032 2097 Musis

242 2119 293 2178 Tot
312 2121 403 2198 pleno
427 2122 519 2182 toties
535 2123 640 2183 fudisti
662 2124 788 2201 pignora
809 2123 913 2182 foetu?

243 2204 284 2261 Tu
305 2226 443 2283 generas,
467 2208 519 2283 qui
543 2208 610 2266 iura
631 2218 751 2286 regunt,
776 2209 827 2283 qui
844 2208 965 2287 legibus
986 2208 1077 2268 urbes

243 2288 277 2347 [lt
298 2292 409 2353 sanctis
434 2293 508 2350 recti
531 2293 660 2371 populos
683 2294 880 2353 moderantur
901 2293 1038 2352 habenis.

243 2373 303 2434 Non
327 2379 387 2436 alie
408 2379 493 2436 nesci
514 2378 670 2438 Puteanus
693 2379 798 2438 debuit
818 2381 905 2454 urbe,

244 2467 295 2519 Aut
307 2464 413 2540 potuit,
439 2482 529 2540 quam
553 2483 630 2540 qune
651 2463 785 2542 propriis
808 2465 967 2523 virtutibus
989 2463 1075 2521 illum

244 2546 407 2620 Excoleret,
431 2547 620 2624 similemque
644 2549 707 2608 suis
730 2549 878 2608 formaret
898 2549 1039 2608 alumnis.

244 2628 373 2692 Protinus
399 2632 520 2691 altrices
541 2633 682 2709 linquens
704 2634 835 2692 infantia
857 2653 951 2693 cunas

243 2715 380 2776 imbuitur
403 2719 522 2791 studiis,
547 2727 576 2776 et
598 2720 696 2795 primo
720 2721 803 2791 flore,
826 2721 963 2777 Minerva

243 2801 402 2874 Eduetrice‚
425 2803 516 2861 rudes
539 2804 693 2880 poliuntur
715 2805 844 2861 cultibus
866 2803 947 2860 anni.

242 2885 396 2966 Excipiunt
413 2907 538 2964 puerum
561 2889 684 2966 gremiis
702 2888 881 2946 florentibus
909 2890 1010 2946 Artes.

242 2973 311 3030 Ante
330 2991 437 3031 omnes
460 2974 556 3030 teneri
578 2974 771 3032 moderamen
794 2971 921 3048 suscipit
943 2971 1022 3041 aevi,

243 3053 317 3128 Quae
340 3058 440 3129 docet,
461 3065 494 3116 ut
513 3059 612 3134 primo
634 3059 782 3116 formetur
804 3057 892 3114 litere
914 3057 1014 3128 ductu,

242 3137 277 3199 Ut
297 3143 457 3202 commissa
479 3143 542 3202 suis
566 3150 702 3202 nectatur
722 3142 842 3218 syllaba
863 3141 964 3200 nodis:

242 3226 330 3302 Atque
354 3247 410 3304 per
431 3222 574 3288 articulos
598 3229 799 3302 distinctaque
820 3227 956 3284 membre
977 3223 1098 3302 legendi

241 3307 372 3371 Daedala
389 3321 565 3389 perpetuam
587 3322 673 3371 texet
694 3321 845 3372 structura
864 3310 1028 3385 loquelam:

242 3391 332 3471 thue
353 3397 417 3456 suis
439 3397 568 3474 pedibus
591 3397 760 3474 gradientia
782 3396 924 3469 carmina¹
937 3403 1070 3473 surgent.

242 3476 313 3539 Huic
337 3502 426 3542 soror
447 3501 599 3541 exacuens
624 3482 730 3542 studiis
756 3481 879 3541 solertia
902 3481 1006 3553 corde,

243 3561 276 3622 Et
297 3568 399 3625 stricto
421 3567 536 3626 vultum
559 3581 743 3642 componens
765 3566 901 3645 pondere
921 3566 1021 3624 vultus

245 3645 375 3709 Succedit
395 3649 515 3726 critice,
539 3653 625 3729 pueri
648 3671 725 3726 quae
751 3650 894 3710 sensibus
916 3670 1006 3710 omne

245 3728 402 3812 Cecropiae
423 3746 454 3795 et
471 3737 579 3796 Letiee
598 3745 718 3794 reseret
739 3735 897 3813 penetrale
919 3742 1071 3805 senectae,

246 3815 384 3896 Quicquid
408 3822 488 3898 apud
511 3839 666 3894 numeros,
690 3821 824 3879 numeris
846 3830 898 3878 aut
916 3840 986 3882 orsa
1005 3817 1107 3879 solute

245 3896 375 3966 Venturis
400 3907 491 3968 seclis
515 3906 764 3966 commendavere
784 3906 903 3983 papyri.

923 4003 941 4061 6
