3000 4725
797 619 860 679 305

370 785 469 860 Quam
489 786 743 863 opulentitatem?
763 807 885 865 nanque
906 807 965 865 ego
985 788 1017 845 iu
1040 796 1071 844 te
1092 796 1155 845 tota
1175 807 1241 847 aum.

301 867 356 924 52⁰
372 870 422 933 Sit
438 880 469 929 et
487 871 561 929 mihi
579 880 739 949 respectus
763 874 884 948 aliquis.
908 892 977 931 nam
998 874 1100 931 bonos
1317 862 1318 935 i

209 967 216 981 ·
370 958 523 1016 Memores
545 957 655 1033 prioris
676 976 747 1017 esse
768 960 921 1017 benefacti
940 957 1083 1015 addecet:

370 1042 411 1101 ltt
430 1041 531 1118 gratia
550 1041 613 1098 alia
630 1042 760 1119 gratiam
779 1062 901 1121 semper
922 1043 1011 1119 parit.

371 1125 406 1187 si
429 1146 519 1203 quem
540 1127 682 1185 beneficii
702 1129 839 1203 ceperint
861 1128 987 1200 oblivia,

371 1210 445 1270 Non
467 1220 515 1271 est
534 1212 617 1285 qnod
634 1211 688 1270 ille
708 1212 795 1271 fortis
816 1224 869 1271 aut
889 1216 986 1271 bonus
1007 1212 1083 1269 funt.

300 1293 353 1348 523
370 1294 427 1356 Ch.
469 1296 604 1368 Utinam,
625 1298 670 1355 tui
688 1305 723 1354 nt
743 1316 793 1355 me
813 1298 949 1371 miseret,
969 1298 1063 1370 Aiax,
1079 1304 1111 1353 te
1132 1312 1244 1372 quoqne

369 1382 544 1441 Misereret:
564 1381 655 1441 huius
678 1383 771 1440 verba
793 1383 946 1454 laudares,
971 1382 1046 1441 scio.

368 1467 418 1527 Ai.
461 1466 556 1542 Atqui
576 1466 633 1523 illa
650 1468 738 1524 nobis
761 1468 877 1526 affatim
894 1467 1077 1536 laudabitur,

368 1551 403 1612 si
425 1560 549 1611 strenue
568 1551 650 1610 ausit
669 1560 778 1610 nostm
797 1554 942 1611 mandata
963 1552 1082 1625 exequi.

368 1635 441 1695 Teo.
462 1637 595 1708 Parebo‚
616 1636 659 1693 mi
679 1638 775 1695 Aiax:
801 1648 910 1697 cuncte
929 1637 1104 1715 properabo
1126 1632 1239 1709 exequi.

298 1724 352 1779 530
368 1722 417 1780 Ai.
460 1724 594 1781 Arcesse
617 1741 745 1797 puerum
765 1742 846 1781 nunc
864 1724 949 1795 mihi,
970 1731 1003 1781 ut
1024 1721 1156 1789 videam,
1175 1734 1267 1775 menn.
1315 1722 1316 1725 ’

369 1805 443 1865 Teo.
463 1807 558 1881 Atqui
579 1806 665 1865 foras
688 1807 864 1880 eduxeram,
890 1818 1028 1865 metuens
1052 1807 1090 1863 ei.

367 1891 417 1952 Αἰ.
460 1891 540 1949 Dum
565 1892 740 1949 fluctuarem
761 1892 793 1949 in
816 1894 864 1953 his
886 1893 975 1951 malis
997 1911 1063 1968 ego,
1086 1897 1140 1947 ant
1160 1886 1229 1945 obi?

367 1975 441 2034 Tec.
463 1975 513 2034 Ne
536 1976 654 2035 scilicet
672 1977 786 2053 periret
807 1997 933 2037 occursu
954 1986 1018 2035 tuo.

367 2061 417 2119 Ai.
461 2061 532 2120 Hoc
554 2061 627 2118 defit
646 2080 738 2119 unum
759 2082 869 2140 nempe
891 2064 1028 2121 fonunae
1049 2079 1148 2119 meae.

297 2148 350 2205 535
368 2146 441 2204 Teo.
462 2147 530 2224 Ego
550 2146 718 2204 vindicavi:
739 2148 823 2222 qnod
840 2148 961 2223 quidem
984 2144 1146 2205 suffecerit.

366 2230 416 2291 si.
459 2232 501 2289 Et
521 2230 757 2304 madefactum,
780 2241 811 2289 et
835 2233 1052 2308 perspicaciam
1074 2240 1167 2289 tuam.

366 2315 439 2374 Teo.
462 2314 524 2376 Sed
545 2315 618 2390 quid
637 2316 742 2374 iuvare
764 2325 794 2375 te
815 2337 924 2393 queam
943 2319 1002 2378 hoe
1023 2317 1103 2374 facto
1125 2313 1213 2372 meo?

365 2401 414 2459 Αἰ.
458 2399 502 2459 Ut
521 2400 634 2475 alloqui
654 2402 787 2477 possim,
813 2413 904 2478 utque
925 2400 1139 2478 conspicarier.

366 2484 439 2543 Tse.
452 2485 630 2562 ¹Famularis
652 2485 740 2544 illum
763 2498 902 2548 asservat
923 2481 972 2546 hie
993 2486 1141 2546 custodia.

296 2573 350 2628 540
366 2570 415 2629 Αἱ.
460 2569 523 2630 Sed
543 2590 621 2645 quae
642 2589 730 2629 mora
750 2573 817 2632 eius
837 2573 954 2632 distulit
971 2567 1197 2648 praesentiam?

366 2654 439 2713 Tee.
462 2655 548 2714 Heus
568 2674 655 2732 puer,
678 2656 839 2717 adesdum:
858 2667 889 2716 te
911 2666 999 2735 pater
1019 2665 1122 2714 vocet:
1144 2653 1219 2713 veni.

364 2739 445 2813 Huc,
468 2741 524 2813 sis,
547 2759 604 2818 age
626 2741 711 2799 illum
735 2743 872 2818 quisquis
896 2763 936 2801 ex
957 2742 1079 2800 famulis
1103 2741 1195 2817 regis.

358 2827 414 2884 si.
459 2826 590 2884 Venitne
610 2826 725 2900 iussus,
747 2847 827 2885 anne
848 2829 934 2888 iussa
953 2826 1101 2904 negligit?

365 2911 439 2969 Tee.
459 2910 603 2969 Producit
621 2910 706 2969 illum
731 2912 864 2972 famulus
885 2915 943 2971 huc
966 2932 1005 2970 ex
1024 2929 1183 2988 proxumo.

295 2995 347 3050 545
364 2996 413 3055 Ai.
458 2998 535 3073 Age,
558 2997 616 3053 hue
638 3015 695 3073 ege
715 2996 816 3055 illum:
839 3019 898 3056 non
921 2999 1002 3056 enim
1023 2995 1224 3054 extenuabitur

365 3078 484 3158 Stragis
505 3090 644 3138 recentes
668 3082 723 3140 hos
745 3101 869 3142 acervos
888 3085 1022 3154 intuens,

365 3163 399 3225 Si
419 3165 538 3241 quidem
559 3166 612 3223 ille
633 3186 705 3224 vero
725 3176 810 3242 patre
829 3188 876 3227 me
898 3176 983 3227 setus
1001 3169 1074 3226 fuat.

365 3247 426 3309 Sed
449 3269 516 3307 eum
538 3253 674 3327 paternis
699 3252 846 3312 institutis
870 3254 989 3331 asperis

364 3331 513 3391 Domiteri
536 3343 667 3410 oportet:
691 3345 781 3412 atque
804 3357 905 3396 mores
929 3336 1046 3411 exequi.

293 3416 393 3478 5500
414 3429 515 3495 gnate,
539 3419 662 3478 inmune
683 3430 750 3480 esto
773 3423 931 3482 dissimilis
952 3422 1042 3500 petri,

364 3506 423 3564 Ast
441 3503 502 3560 alie
524 3504 631 3565 similis
655 3507 772 3565 omnic:
793 3509 837 3566 ita
858 3509 955 3567 malus
977 3506 1057 3565 haud
1074 3506 1153 3564 fuas.

364 3587 541 3663 Quanquam
560 3589 679 3647 unicum
702 3592 785 3651 istud
805 3595 864 3652 hoc
887 3595 1000 3652 bonnm
1021 3591 1143 3649 invideo
1166 3587 1224 3656 tibi,

363 3672 453 3747 Quod
474 3671 536 3729 ista
552 3675 684 3733 nondum
704 3678 836 3754 percipis
862 3697 955 3738 sensu
973 3677 1062 3736 mala.

362 3757 416 3816 Nil
440 3775 548 3833 sapere
571 3759 683 3837 quippe
707 3761 770 3820 vita
789 3763 1016 3823 iucundissuma
1039 3768 1102 3820 est:

361 3841 417 3902 Nil
438 3860 547 3918 sapere
568 3862 705 3918 prorsus,
728 3855 777 3907 est
796 3849 907 3907 melum
927 3866 1034 3907 carens
1054 3844 1146 3916 malo,
