3000 4725
607 644 759 739 -ιι-

271 812 416 872 lucadens
437 812 531 889 longo
555 822 687 891 syrmate
709 814 802 873 verrit
823 815 956 877 humum.

234 896 376 957 Omnibus
398 898 473 955 haee
495 898 615 967 studiis,
636 906 676 972 et,
698 900 749 975 qui
769 898 870 957 iecere
896 902 1013 974 beatos,

271 980 406 1043 Cultibus
427 982 572 1055 exolusis‚
590 984 706 1043 obtinet
727 1003 788 1043 una
805 983 916 1043 loeum.

232 1068 314 1145 lpeee
336 1066 477 1127 Pierides
503 1070 583 1144 turpi
601 1068 718 1129 suffuso
737 1068 852 1144 pudore

268 1151 438 1212 Pallidulae
459 1152 550 1211 salsis
573 1154 721 1213 imbribus
745 1152 933 1226 eruissent,

231 1240 271 1297 Ae
291 1237 459 1314 patrocinio
483 1236 616 1296 deiectae
640 1238 722 1297 nulle
740 1246 906 1313 queruntur

268 1322 330 1381 Pro
356 1320 657 1397 deplorationibus
679 1340 762 1381 arma
781 1323 862 1398 eupit

232 1404 288 1467 Sed
308 1406 419 1466 stultos
438 1406 578 1467 homines
601 1409 763 1467 verborum
783 1414 904 1465 nectere
929 1424 1045 1482 casses,

267 1494 328 1551 Aut
351 1491 431 1550 dulei
450 1491 570 1569 lingnes
594 1494 787 1569 prostituisse
806 1492 904 1566 luero,

232 1575 407 1651 Heroasque
430 1594 545 1649 saeros,
566 1596 643 1653 quos
661 1577 777 1652 Iupiter
794 1595 909 1651 aequus
928 1577 1050 1651 amavit,

269 1660 344 1721 Cum
366 1660 475 1720 studiis
498 1680 627 1738 propera
648 1670 745 1719 morte
767 1662 867 1737 perire
884 1661 958 1721 suis.

233 1745 272 1805 Te
293 1762 412 1823 qaoque
434 1746 596 1807 Barbarion
616 1747 714 1807 nostri
735 1764 774 1805 ne
796 1746 960 1823 stringeret
979 1743 1059 1819 aevi,

268 1830 420 1891 Credibile
444 1839 492 1890 est
512 1832 598 1907 ipsos
618 1830 813 1891 consuluisse
834 1830 938 1890 Deos:

231 1915 325 1991 thue
348 1917 478 1975 Astraea
498 1918 581 1975 omni
604 1917 694 1975 terris
715 1917 826 1992 pietate
851 1916 955 1993 fugata

268 2000 383 2061 Ultima
405 2000 442 2058 de
463 1999 613 2077 Superum
636 2010 725 2079 gente
747 2000 869 2076 reliquit
888 2002 1029 2071 humum3

232 2082 278 2145 Sie
298 2086 353 2144 tibi
375 2105 438 2145 non
460 2084 522 2145 vito
539 2086 624 2159 haee,
649 2106 711 2146 non
733 2086 825 2145 tellus
846 2094 916 2144 aute
937 2085 1044 2145 relicta
1065 2094 1124 2158 est,

268 2171 352 2229 Iusta
373 2170 590 2245 relinquendae
608 2189 696 2246 quam
718 2172 774 2230 tibi
797 2188 888 2230 eausa
909 2170 976 2229 init.

233 2254 439 2331 Tempestivus
460 2256 538 2329 abis,
558 2274 649 2331 quum
672 2256 727 2329 nil,
749 2256 831 2331 quod
851 2257 944 2315 rebus
964 2256 998 2314 in
1018 2254 1087 2315 istis

268 2341 434 2414 Laudem,
454 2326 497 2399 nil
519 2361 591 2416 uon,
614 2341 692 2417 quod
713 2341 896 2416 querereris,
918 2350 991 2400 eret.

232 2425 308 2504 Ergo
328 2425 485 2504 neglectae
505 2426 647 2502 linquens
668 2426 809 2505 eontegia
829 2435 927 2486 terrae

269 2511 351 2570 Inter
375 2511 513 2570 sidereos
536 2511 625 2570 stella
646 2521 767 2587 recepta
788 2512 874 2571 sinus

234 2594 339 2654 Omnis
358 2596 510 2654 Lunarem
532 2597 592 2654 late
615 2597 749 2656 subieete
770 2598 827 2656 sub
849 2615 938 2654 axem

250 2680 438 2757 'Despectus
460 2679 558 2740 oeulis
580 2682 727 2740 inferiora
749 2682 819 2742 tois.

233 2762 300 2824 Non
322 2775 370 2826 est
387 2765 527 2825 mortalia
548 2766 691 2844 (gemitus
712 2766 865 2841 obsistite)
886 2763 1004 2823 Doure.

271 2849 338 2910 Non
362 2858 410 2909 est
433 2851 571 2910 mortalis
594 2851 711 2911 Densa.
735 2851 854 2910 ieoesse
874 2848 969 2906 dolor.

235 2933 341 3008 Osos,
365 2935 418 3010 qui
437 2935 537 2994 vivum
557 2936 695 2996 Densum
718 2934 841 2994 fovistis
864 2933 969 2991 amici:

273 3019 299 3080 Ο
321 3037 376 3080 vos
398 3019 546 3080 Dousiaoi
566 3020 666 3080 dulcia
687 3021 823 3078 membre
845 3017 946 3076 eherii

234 3101 337 3164 Exuite
360 3112 475 3163 atretos
498 3106 666 3182 gestamine
686 3105 786 3164 tristia
808 3102 916 3162 uultur.

272 3188 332 3248 Ista
351 3189 452 3249 minue
472 3189 584 3250 misero
611 3199 659 3250 est
682 3190 775 3268 digna
793 3189 897 3248 colore
919 3185 1035 3244 domne.

237 3270 328 3348 Quum
350 3274 460 3333 Dousa
478 3283 602 3334 aeterna
622 3275 744 3334 mutarit
763 3275 871 3332 funera
891 3271 963 3342 vita,

273 3357 434 3419 Funestam
457 3359 583 3418 Dousae
605 3379 667 3420 non
688 3360 775 3418 deoet
797 3376 867 3418 esee
889 3356 1021 3414 domum.

300 3527 330 3588 9.
377 3529 552 3606 Epieedium
573 3533 603 3588 ia
625 3530 732 3588 obitum
758 3526 792 3586 V.
817 3524 849 3583 0.
870 3527 947 3583 lusti
966 3523 1070 3602 Liptl.

238 3605 373 3688 Quisquis
397 3613 527 3673 fecundo
551 3614 714 3674 studiorum
738 3610 843 3670 nobile
862 3609 942 3668 uoltu

238 3691 409 3771 Lemnium,
434 3699 569 3758 celebres
589 3698 689 3775 Belgii
709 3695 847 3755 florentis
867 3695 1004 3754 Athenas

239 3775 280 3838 Ire
300 3800 399 3859 paras,
418 3781 517 3860 Lipsii
538 3783 642 3842 doetus
662 3783 806 3840 heustare
826 3779 974 3855 liquores,

241 3859 313 3926 Siste
333 3867 468 3946 gradum,
492 3869 519 3928 si
540 3870 619 3928 forta
639 3875 706 3927 tues
727 3885 791 3926 non
810 3865 930 3942 impulit
945 3878 1037 3923 aures
