3000 4725
767 610 917 705 —222—

426 777 456 833 A
473 775 624 835 desiderio
643 777 757 836 functio
776 778 861 837 nulla
880 785 993 855 potest.

384 858 473 933 Quod
494 861 522 919 si
540 861 660 919 iuridici
682 862 813 921 studium
836 872 867 921 te
886 862 1019 921 muneris
1041 871 1133 936 arcet,

425 944 506 1021 Ergo
528 954 581 1005 tuo
602 946 705 1007 nullus
726 957 850 1023 pectore
867 948 964 1005 fervet
984 950 1089 1006 Amor.

383 1027 490 1102 Qualis
512 1032 620 1104 Amor,
639 1033 666 1090 si
687 1051 741 1091 vos
766 1033 863 1091 undae
888 1031 1061 1090 discrimine
1082 1052 1177 1109 parvo

424 1114 562 1174 Distinet
579 1136 599 1174 a
616 1125 719 1175 vestra
739 1117 856 1195 virgine
879 1125 961 1175 terra
980 1118 1109 1193 proculi

382 1199 464 1258 Dum
485 1208 577 1274 natm,
599 1202 743 1275 ostendit,
766 1220 843 1277 quae
855 1202 915 1274 vis,
926 1201 1077 1275 Leander,
1090 1222 1223 1261 amorum
1233 1208 1276 1273 est,

425 1283 577 1367 Nocturni
599 1286 769 1362 impavidos
793 1306 926 1345 murmur
946 1286 984 1343 ad
1005 1306 1096 1345 omne
1117 1288 1197 1346 freti.

383 1368 463 1443 Quin
487 1370 597 1429 adsunt
615 1370 682 1444 tibi,
696 1372 814 1445 Amice,
827 1379 919 1429 rates.
941 1371 1038 1447 Magis
1061 1392 1132 1449 ergo
1143 1374 1278 1431 Minervae

424 1454 572 1533 Invigilat
595 1456 715 1528 studiis,
737 1464 769 1514 et
787 1457 891 1515 Venus
911 1456 984 1531 ipsa
1004 1456 1092 1515 iacet.

381 1538 488 1598 Pallas
506 1541 582 1613 iura,
606 1541 661 1599 sed
682 1541 809 1599 affectos
827 1541 932 1599 Venus
956 1541 1082 1599 obtinet.
1100 1542 1171 1601 Una

425 1624 555 1697 Palladi,
578 1625 626 1683 dic
646 1626 732 1698 mihi,
754 1626 821 1700 quis
842 1625 965 1698 serviat,
989 1633 1019 1683 et
1037 1626 1172 1688 Venerii

384 1792 400 1859 ζ
409 1792 479 1869 (78)
678 1788 818 1858 'the'otc
844 1790 900 1852 οὐκ
922 1788 994 1852 ἔστι.

381 1876 455 1936 Non
479 1884 582 1938 tantos
606 1878 718 1953 patitur
738 1879 881 1936 iuvenum
901 1887 1009 1936 natura
1029 1878 1163 1952 labores,

426 1963 565 2038 Quantos
588 1962 728 2022 imbelles
751 1982 821 2035 nos,
845 1962 992 2021 muliebre
1012 1980 1111 2022 secus.

382 2048 535 2121 Aequales
558 2046 620 2107 illis
642 2048 764 2121 adsunt,
789 2067 936 2121 curaeque
959 2047 1082 2106 dolores

424 2132 580 2207 Intrepida
603 2134 693 2192 sociis
714 2133 849 2209 pandere
873 2152 946 2190 voce
966 2132 1046 2190 lieet.

381 2214 449 2274 Neo
469 2218 589 2289 desunt,
612 2224 745 2276 mentem
767 2236 843 2292 quae
862 2225 1001 2293 pascant,
1024 2217 1157 2275 ludicro:
1175 2218 1250 2275 vicos

426 2299 657 2362 Concelebrant:
678 2304 812 2362 animum
833 2303 914 2379 picta
939 2301 1053 2362 tabella
1072 2302 1163 2380 capit.

381 2384 483 2446 Nobis
507 2405 563 2444 nee
584 2388 631 2449 fas
655 2397 703 2448 est
724 2389 805 2447 coeli
827 2407 963 2447 convexa
985 2388 1072 2446 tueri.

425 2472 565 2531 inclusae
590 2473 669 2532 curis
691 2473 746 2532 sed
768 2474 875 2532 domus
895 2481 959 2530 atra
982 2473 1092 2548 coquit.

384 2639 479 2715 ζ(79)
661 2635 769 2720 Μηδὲν
795 2637 882 2719 ἄγαν,
910 2640 1015 2722 σοφὸς.

381 2724 544 2786 Prudentis
567 2726 675 2784 scitum
691 2733 749 2798 est,
771 2725 822 2784 Ne
838 2725 911 2802 quid
925 2727 1032 2798 nimis;
1052 2728 1111 2784 Ast
1125 2743 1182 2802 ego
1196 2724 1276 2780 fastus

424 2811 596 2883 Indueram,
618 2810 706 2887 quasi
729 2812 787 2884 sal,
809 2818 860 2869 eut
877 2811 950 2869 mihi
971 2812 1070 2870 forma
1086 2811 1174 2867 foret.

382 2895 576 2954 Credideram
598 2897 699 2969 unius,
723 2915 821 2971 neque
845 2915 881 2954 ea
894 2904 941 2956 est
960 2897 1026 2954 sine
1043 2895 1159 2966 fraude,
1173 2889 1276 2969 puellae

423 2980 535 3040 Totam
556 2982 687 3041 animam
713 2981 745 3037 in
767 2981 907 3040 manibus
932 2999 1052 3056 semper
1072 2981 1184 3038 habere
1205 2974 1275 3034 meis

380 3067 478 3138 Haec,
500 3066 594 3142 quasi
611 3066 765 3141 poeniteat
786 3085 926 3140 morum,
939 3067 1078 3142 vitaeque
1099 3062 1221 3142 prioris,

421 3151 556 3210 Intumet
577 3151 654 3210 elato
675 3170 756 3209 vana
777 3151 946 3226 supercilio.

381 3235 433 3296 Sic
452 3237 537 3313 prius
552 3235 605 3313 ille
626 3237 727 3308 ferox,
749 3235 803 3313 ille
823 3255 942 3309 aereus,
965 3235 1018 3300 ille
1037 3254 1094 3313 ego
1120 3233 1204 3291 tarde

425 3319 584 3392 Credulus,
608 3339 644 3378 ao
665 3329 795 3398 tangens
818 3329 910 3394 astra,
931 3327 1058 3399 repente
1079 3339 1143 3378 rue.

380 3403 461 3463 Nam
480 3413 599 3464 vertere
620 3406 722 3465 vices:
748 3413 778 3463 et
798 3405 929 3483 supplex
952 3407 1067 3464 clamo:
1087 3403 1238 3463 Nocentes

423 3491 541 3549 Aetatis
565 3490 641 3550 vitio
660 3490 764 3569 (parce
784 3490 906 3568 Puella)
927 3510 1042 3550 sumus.

382 3660 477 3736 (pt)
639 3655 735 3738 Ποίην
756 3657 799 3723 τὶς
818 3658 895 3740 πρὸς
914 3630 1040 3738 ἔρωέας.

379 3743 538 3819 Quodnam
559 3744 616 3801 iter
637 3742 770 3803 insistas¹
784 3744 820 3802 in.
838 3742 1014 3802 amoribus?
1038 3743 1118 3802 Ecce
1137 3749 1248 3818 petaces

373 3825 377 3833 ’
423 3831 457 3888 In
479 3829 578 3888 triviis
600 3829 690 3886 luxus
714 3849 776 3890 non
799 3829 913 3905 potiere
936 3829 1036 3904 lupae.
