3000 4725
668 652 708 713 95
729 714 737 721 .

275 822 374 900 Saepe
395 820 566 899 Cupidineo
585 820 711 881 ventilat
729 823 800 900 igne
820 823 912 882 faoea.

238 908 275 966 Et
293 908 372 983 quod
393 924 477 965 ames
498 921 628 983 temper,
652 926 774 983 aamper
793 908 876 981 quod
889 907 1147 986 eoriberepoeeia‚

274 993 433 1053 Materiam
455 992 552 1049 teneri
573 991 660 1051 lusor
682 992 806 1051 Amoria
828 993 933 1052 habeo.

237 1076 298 1136 Neo
319 1086 423 1137 tamen
446 1074 519 1134 exili
540 1094 660 1135 ourmen
683 1077 832 1136 deducere
853 1076 907 1136 filo

272 1162 329 1221 Est
353 1161 441 1233 eatis,
464 1168 494 1219 et
514 1161 596 1220 senia
620 1163 744 1239 iungere
766 1161 898 1238 quinque
917 1162 1023 1239 pedes,

236 1243 280 1305 Ne
300 1265 431 1325 regnum
453 1246 594 1319 Veneria,
613 1248 759 1322 puerique
781 1246 941 1325 Cupidinis
959 1265 1046 1308 arcus

273 1330 406 1391 Carmen
428 1331 511 1389 inere
531 1331 648 1409 Elegio,
669 1350 820 1407 causaque
842 1350 921 1391 vana
944 1331 1030 1391 foret.

236 1415 391 1476 Historiae
411 1416 529 1493 patriae
550 1418 755 1477 monumentis
775 1425 860 1475 erute
878 1416 1000 1493 pristis,

274 1500 437 1565 clarorum
456 1518 582 1561 revooas
603 1501 695 1559 fortia
715 1502 795 1559 ieota
816 1502 934 1559 dueum.

236 1584 324 1661 quue
350 1586 407 1644 tibi
428 1586 518 1643 debet
539 1585 655 1663 patriae
676 1588 758 1661 quod
779 1595 867 1664 gesta
889 1586 1020 1646 Βαωναε

273 1670 367 1731 Nune
388 1670 482 1743 tenet,
503 1671 534 1729 in
552 1670 652 1748 patria
672 1672 724 1745 qui
745 1673 830 1749 priua
852 1672 963 1748 hoepeo
983 1679 1057 1729 erat.

237 1753 311 1829 Quid
331 1756 465 1813 referam
486 1756 597 1832 Lyrioo
616 1756 771 1815 modulata
791 1764 934 1833 poemate
954 1756 1072 1834 plectro

272 1840 341 1901 Neo
363 1840 443 1899 male
465 1846 610 1899 tentatum
634 1841 734 1899 nobile
758 1858 880 1899 carmen
902 1840 1013 1917 Epoo?

236 1923 285 1983 Nil
306 1927 364 1985 tibi
384 1924 484 1983 felicia
506 1926 588 2002 genii
611 1934 717 1983 natura
737 1926 859 2003 negavit

273 2011 368 2071 Utilia
391 2010 430 2067 ad
451 2008 538 2068 nitidi
558 2010 699 2070 carminis
722 2030 814 2071 omne
834 2028 941 2088 genua

236 2092 290 2155 llis
314 2096 373 2154 tibi
390 2096 570 2155 transmisso
591 2102 639 2155 eet
661 2098 727 2155 aevi
747 2115 820 2174 para
840 2095 942 2175 primu
962 2094 1073 2169 quietio

274 2181 439 2253 Paesibno,
461 2188 492 2237 et
509 2180 668 2257 strepitum
690 2200 754 2241 uon
775 2182 906 2239 iaciente
926 2180 1031 2259 gradu

237 2263 272 2323 llt
289 2265 365 2324 lieet
384 2265 507 2343 ingenui
528 2282 669 2325 aeneaeua
691 2267 755 2325 otia
775 2284 925 2343 quaerens

273 2351 433 2410 Ventosae
450 2350 584 2430 fugitans
605 2350 783 2412 ambitionis
804 2371 884 2424 aree,

238 2433 280 2494 Te
297 2445 401 2496 tamen
424 2438 551 2496 aooitum
570 2445 676 2495 saneta
697 2438 729 2496 in
749 2437 881 2515 collegia
900 2436 1026 2494 Petrum

278 2522 420 2599 Quinque
441 2523 488 2580 bie
511 2529 691 2580 annumerat
712 2521 805 2582 Curia
825 2539 944 2581 summo
961 2521 1044 2579 viria.

238 2603 300 2665 Neo
323 2606 426 2665 minua
449 2625 586 2666 erronem
608 2606 710 2666 oivilia
729 2616 830 2665 taetra
849 2613 1028 2681 aequantem

275 2692 396 2751 Aoniae
413 2699 558 2751 revocant
576 2692 614 2750 ed
636 2709 693 2751 tua
710 2692 799 2770 signa
819 2692 909 2749 deaei

239 2772 275 2832 ut
295 2795 388 2852 quum
409 2777 540 2854 prolatis
560 2776 687 2835 redeunt
708 2777 822 2836 diludia
842 2776 946 2846 rebus,

278 2859 430 2936 Quidquid
453 2862 612 2920 innumera
629 2861 685 2920 lita
705 2880 813 2919 vacere
838 2859 962 2934 datur[‚]

240 2945 283 3003 Ad
304 2945 426 3006 Phoebi
445 2955 572 3016 saerata,
593 2947 637 3004 tui
657 2965 720 3005 non
740 2945 897 3022 transfuga
920 2943 1027 3015 moria,

277 3031 318 3089 m
340 3041 459 3090 veteres
481 3031 590 3104 uultus,
615 3039 645 3090 et
663 3039 715 3090 tua
737 3049 824 3090 saona
843 3029 940 3089 radis.-

240 3109 276 3171 Et
296 3115 369 3173 lioet
397 3115 527 3174 offitium
550 3116 663 3194 rigidos
687 3116 809 3176 abducit
829 3116 861 3174 in
881 3122 976 3185 actua,

278 3199 325 3258 Te
349 3201 500 3260 tamenin
524 3201 625 3260 medio
646 3221 732 3262 mone
755 3201 907 3260 Helieone
929 3198 1017 3256 looat.

240 3280 303 3344 Neo
324 3286 420 3362 pudet
438 3288 553 3364 argutio
574 3287 800 3365 Epigrammata
820 3285 923 3344 ludere
944 3283 1033 3362 nugis

280 3370 364 3428 Inter
385 3370 512 3430 clamosi
530 3372 643 3446 praelia
663 3374 737 3431 dura
756 3371 827 3431 fori.

242 3451 377 3530 Denique
400 3473 490 3530 quum
513 3475 654 3534 magnum
676 3457 764 3516 vivus
789 3457 832 3515 aia
854 3472 966 3513 nomeu
984 3453 1121 3530 adeptus,

280 3541 378 3600 Maius
398 3541 435 3600 ab
456 3541 592 3617 exequiis
611 3542 704 3617 quale
721 3559 779 3600 neo
797 3541 878 3599 ullus
901 3540 1003 3612 habet,

242 3625 284 3683 Ao
303 3633 332 3684 te
357 3625 480 3703 grandis
504 3626 605 3685 honos
626 3627 744 3686 volueri
766 3644 859 3702 auper
878 3626 1002 3684 aethera
1020 3623 1110 3695 fama,

280 3711 319 3770 Et
342 3729 446 3786 penna
457 3711 552 3770 fatum
572 3731 634 3770 non
655 3719 808 3770 metuente
830 3711 930 3784 vehat,

243 3790 311 3855 Non
333 3795 436 3854 minor
453 3795 577 3856 innocui
599 3796 673 3855 vitio
696 3796 873 3871 maculaque
895 3794 1036 3865 carentia,

283 3879 379 3954 Quam
400 3881 601 3941 consummati
619 3881 686 3940 laus
708 3881 764 3940 tibi
784 3882 862 3941 vatia
886 3881 980 3939 adeat.
