3000 4725
606 629 758 726 -1—98-

229 789 357 866 κτάσθω,
379 791 492 874 Λόγδε,
516 792 592 863 σόας
613 797 732 879 πιμελῇ
755 793 940 879 φλιδόοντας
956 793 1087 866 Ἰόλλας.

266 875 421 960 ἀρκοῦμαι
442 875 468 939 δ’
493 877 551 942 ὑπὸ
574 880 623 944 σοὶ
647 879 852 962 σωζομένοισι
868 881 981 964 βοτοῖς.

228 1065 251 1112 τ.
276 1041 385 1108 ΠΡΟΣ
406 1041 748 1114 ΑΥΤΟΚΡΑΤΟΡΑΣ.
772 1045 844 1112 ΚΑΙ
866 1043 962 1112 ΠΕΡΙ
988 1044 1138 1112 ΑΥΤΩΝ.

228 1131 285 1204 λλ.
309 1128 397 1213 ἦμαρ
423 1126 582 1214 Καίσαρος
601 1131 680 1214 ἡδὺ,
702 1132 852 1218 σεβαστδν
876 1134 994 1214 μᾶλλον
1019 1132 1138 1196 ἐκείνου

257 1212 319 1296 Ἴδη
347 1213 380 1274 ἐν
406 1209 432 1298 ᾧ
453 1213 563 1299 Δίκτης
582 1217 697 1280 κλίτεσι
721 1222 802 1300 φῦσε
824 1217 895 1290 Δία,

227 1299 330 1365 αἰῶνος
354 1295 485 1361 Πυλόοιο
507 1300 588 1363 πολὺ
615 1303 823 1386 χρονιώτερον
847 1298 963 1374 ἔλθοις,

261 1380 354 1446 ταύτό
379 1381 409 1444 τ’
433 1382 482 1445 ἀεὶ
502 1383 646 1467 λάμποις,
667 1386 758 1469 ἧκαὶ
781 1384 991 1468 ἀμεινότεμον.

225 1471 325 1614 χρυσγμ
350 1465 571 1612 θλδεγσἈλὲηινῷ
594 1465 885 1617 Τηιτγονίδαὰσυγνά
905 1469 1056 1615 γξρμίροι,

225 1574 464 1717 κόόδονπάγοιέό
490 1574 1053 1721 μέζόώςπεδόόελιλομέόώδαςένλαότών,

263 1720 312 1803 ἱρά
331 1741 378 1796 τε,
401 1714 569 1802 Ῥωμαίων
592 1721 644 1784 οἷα
667 1719 818 1805 Τέρεντος
838 1721 914 1806 ἔχει.

225 1803 307 1886 ἁδρὰ,
328 1803 413 1877 θεολ,
436 1803 617 1888 λιτόμεσθα,
641 1807 744 1869 δίκαια
767 1807 813 1870 δὲ.
834 1807 877 1876 τίς
898 1806 956 1889 γὰρ
980 1805 1110 1889 ἀναιδὴς

262 1887 338 1973 εὐχὴ
364 1887 403 1950 ἀν
429 1885 476 1970 εἴη
500 1889 576 1972 ὑπὲρ
594 1891 768 1952 τοσσατίοιο
792 1891 885 1966 θεοῦ;

199 2089 203 2098 ν
224 2057 248 2130 5,
258 2059 286 2118 3.
308 2057 406 2139 Δῆγις
426 2055 442 2116 θ
462 2051 629 2139 Ῥωμαίων
650 2061 703 2138 τῆς
724 2056 823 2162 ὄργθης
844 2059 912 2142 ἄρτι
933 2061 1093 2144 πάροικος,

262 2139 294 2202 ὅν
321 2163 373 2204 σοι
399 2139 570 2210 δουλωθεὶς
587 2139 703 2224 Ἴστρος
726 2149 874 2227 επεμψεν,
899 2143 986 2223 ἄναξ,

224 2227 403 2307 χαρμοσόνη
430 2222 596 2310 ἔκθαμβος,
619 2225 691 2288 ἰδών
713 2227 850 2310 ἡγήτορα
872 2227 990 2312 κόσμου

260 2311 336 2394 πρὸς
358 2309 414 2373 τὸν
440 2309 655 2395 όμαρτοόντων
678 2312 783 2375 τοιάδε
806 2314 881 2377 λαδν
905 2311 977 2397 ἔφη,

225 2398 272 2455 τοῦ
293 2396 406 2463 κάσιος
429 2396 566 2477 ζηλωτὸς
592 2395 653 2477 ἐγώ
677 2395 783 2472 πλέον,
809 2398 870 2461 ὅττι
892 2396 966 2461 θεόν
992 2422 1054 2482 μοι,

262 2477 293 2540 δν
316 2479 444 2565 σέβεται
467 2479 598 2563 μακρὰν,
621 2479 747 2563 ἐγγύθεν
770 2481 849 2545 ἐστὶν
874 2486 958 2567 όρᾷν.

226 2647 286 2719 λθ.
309 2648 434 2711 Λεῦσσε
458 2648 506 2732 δη,
531 2651 573 2716 ώς
594 2649 684 2711 ὑετοῦ
700 2651 824 2717 πυκινὸς
835 2648 932 2719 πόκος
944 2652 1139 2735 ἀψοφέοντος

260 2728 423 2814 Καίσαρος
444 2733 487 2800 εἰς
508 2731 643 2800 κόλπους
662 2733 816 2807 πιλναται,
844 2732 888 2802 εἴς
909 2757 943 2797 τε
962 2737 1052 2819 κάρα.

225 2808 293 2897 Ζηνὶ
317 2818 349 2879 δ’
377 2815 411 2883 θς
433 2818 551 2901 ἥσυχος
575 2816 659 2892 εἴκει,
687 2818 856 2900 ἀκινήτοισι
876 2821 1055 2903 προσώποις

262 2899 358 3007 μόγηεϊ
381 2901 583 2984 πηγνυμένων
607 2902 663 2965 οὐκ
687 2900 808 2982 ἀλέγων
829 2902 960 2979 ὑδάτων,

225 2980 298 3063 ἠθας
334 2982 401 3047 Υπε
444 2985 536 3068 ορέου
561 2985 738 3069 κατατρόειν
764 2984 861 3068 ἀστρο
881 2983 1031 3063 Βοώτεω,

262 3070 315 3151 τῆς
337 3067 400 3131 δ”
430 3069 515 3152 λόκης
537 3071 630 3155 διερῷ
657 3071 742 3153 κρατὶ
765 3070 997 3154 καταφρονέειν.

226 3156 274 3214 τοῦ
298 3152 413 3216 Διόθεν
438 3153 571 3237 ξηροῖσιν
596 3153 765 3238 ἀθόροντος
788 3154 964 3238 ραθάμιγξιν

262 3237 319 3319 ἥδε
344 3236 452 3323 κόρου,
475 3237 587 3315 δοκέω,
611 3235 771 3323 Καίσαρος
795 3239 858 3303 ἐστὶ
880 3241 979 3324 νιράς.

227 3404 286 3477 7,6.
309 3408 376 3489 μῶν
391 3404 448 3552 ἀρ’
461 3404 677 3554 Ὑπερρορέων
694 3410 879 3491 ὁρμώμενος
894 3408 953 3471 εἶσι
968 3408 1044 3491 πρὸς
1056 3408 1138 3491 ἡμᾶς

263 3487 324 3573 ἤδη
349 3490 381 3559 ές
404 3490 532 3573 ’ταλίης
584 3496 674 3575 αῖσαρ
698 3492 822 3575 ἑτοῖμος
846 3492 953 3569 ὁδούς

226 3575 278 3639 πᾶς
299 3574 355 3655 μέν
380 3597 465 3658 φησι,
485 3574 578 3657 λόγου
602 3576 632 3637 δ’
657 3576 845 3659 αὐτάγγελος
861 3577 897 3639 οὐ
918 3578 1012 3660 πάρα.
1038 3576 1087 3639 σοὶ
1101 3576 1136 3638 δὲ

263 3659 332 3736 (σὺν
355 3658 413 3743 γὰρ
436 3658 616 3743 ἀληθεύειν)
640 3660 665 3723 ώ
688 3659 779 3736 Φάτι,
801 3661 987 3745 πειθόμεθα.

226 3740 381 3825 πάνδημόν
404 3766 439 3826 γε
459 3743 558 3827 χαρὰν
579 3743 732 3891 νικηφόρα
751 3746 917 3829 γράμματα
942 3748 1051 3830 φωνεῖ,

266 3824 367 3911 χλώρ’
390 3827 439 3890 ἐπὶ
462 3831 515 3910 τῆς
534 3832 673 3913 κορυφῆς
710 3850 789 3913 γχεα
811 3831 1015 3917 δαφνοφορεῖ.

896 3943 932 4004 13
