3000 4725
644 560 795 655 —ar—c—

476 723 596 801 Edeta,
618 727 666 788 coi
687 725 810 808 μέλλων
835 726 962 791 ἐνέπειν.
1080 730 1176 809 ζ(66)

261 810 405 871 Dicturus
429 811 496 886 tibi,
519 814 601 887 Vita,
621 814 701 885 vale,
725 832 891 889 vocemque
913 816 1034 873 citatam

300 896 471 971 Relraeno‚
490 917 595 957 rursus
618 899 815 975 sustineoque
838 900 973 977 gradum.

261 980 359 1057 thue
383 982 461 1041 olim
486 983 574 1060 niger
592 983 645 1041 ille
666 983 732 1043 dies
755 984 937 1043 Acherontis
960 986 1063 1058 amari,

300 1064 354 1126 Sic
371 1067 450 1125 mihi
471 1067 591 1127 discidii
612 1086 723 1128 caussa
744 1069 879 1127 timenda
900 1069 944 1126 tui
968 1076 1023 1127 est.

259 1149 368 1211 Vultus
395 1153 478 1211 enim
499 1159 569 1211 tuus
592 1161 639 1212 est
660 1154 715 1211 lux
738 1154 843 1212 altera.
862 1154 931 1211 Lux
952 1164 1055 1213 tamen
1077 1152 1159 1212 omni

299 1235 388 1295 Voce
413 1245 505 1295 caret.
529 1236 653 1311 Contra,
680 1246 710 1295 tu
733 1239 807 1296 mihi
828 1239 922 1296 verba
942 1239 1037 1297 refers

258 1318 370 1379 Dulcia
392 1320 535 1382 Sirenum
557 1331 646 1384 cantu
670 1324 778 1401 magis,
803 1342 819 1381 e
843 1323 951 1398 quibus
976 1323 1075 1382 omnis
1108 1308 1118 1337 ⁸

299 1405 446 1466 Pendula
467 1425 539 1484 spes
563 1408 683 1465 animae
709 1416 827 1483 statque
851 1408 988 1483 caditque
1010 1426 1106 1466 meae.

520 1568 593 1656 Εἰμὶ
616 1572 670 1656 μὲν
693 1571 730 1636 οὐ
753 1572 919 1657 φιλόοινος.
1083 1574 1177 1654 ζ(67)

259 1655 328 1717 Non
352 1678 423 1718 snm
445 1659 588 1720 vinosus:
609 1655 670 1719 vin'
694 1680 743 1720 me
767 1661 921 1737 deponere
939 1660 1029 1720 vinoi'

300 1742 383 1817 Hac,
409 1745 437 1803 si
458 1752 492 1802 tu
513 1744 591 1804 libes
614 1746 735 1821 pocula,
761 1745 830 1823 lege
853 1746 964 1804 bibam.

259 1828 403 1889 Admoris
426 1829 593 1903 malathra,
615 1832 747 1909 nequibo
773 1830 890 1889 sobrius
912 1848 996 1889 esse:

300 1912 371 1973 Nec
395 1915 444 1972 fas
467 1922 580 1973 temeto
600 1933 694 1990 posse
717 1934 820 1973 carere
843 1916 926 1973 mihi.

260 1995 340 2056 Nam
359 1999 545 2058 transmissa
565 2000 627 2059 tuis
650 2000 688 2057 ad
708 2019 758 2057 me
778 1999 836 2056 fert
862 2000 968 2059 suavia
988 1996 1082 2057 labris

300 2084 360 2142 Ille
384 2084 476 2157 calix,
497 2102 626 2143 narrans
649 2085 731 2143 dona
755 2085 888 2160 superba
911 2103 975 2143 sua.

519 2246 650 2332 Μήποτε
669 2248 763 2335 λύχνε
787 2249 915 2333 μύκητα.
1083 2250 1179 2327 ((68)

260 2331 309 2393 Ne
329 2338 402 2414 quis
424 2344 582 2397 concretus
603 2338 659 2396 tibi
680 2337 791 2415 fungus
816 2345 960 2396 convocet
979 2337 1107 2398 imbrem

301 2421 359 2480 Vir
376 2423 474 2481 venit:
497 2423 566 2480 huic
588 2424 688 2482 nullas
714 2432 811 2497 necte,
831 2423 966 2492 lucerna,
982 2441 1095 2482 moras.

261 2501 358 2564 Nulla
376 2508 465 2566 iares
488 2507 611 2566 Veneri.
636 2507 719 2566 Nam
744 2527 811 2566 cum
834 2508 1009 2565 condixerat
1028 2507 1111 2566 Hero

303 2589 449 2650 Leandro
471 2625 510 2636 -
538 2593 587 2665 ah,
614 2594 724 2666 anime,
748 2601 870 2650 caetera
891 2610 981 2667 parce
1002 2591 1095 2668 loqui.

261 2671 401 2736 Vulcano
426 2678 532 2736 servis.
550 2677 642 2750 Hinc,
666 2697 703 2735 ne
725 2677 897 2736 adverseris
918 2675 1007 2733 herili

304 2758 417 2834 Curae,
439 2770 473 2820 tu
491 2761 604 2820 Veneri
627 2781 750 2838 semper
769 2762 875 2837 iniqua
896 2778 1013 2818 manes.

541 2924 580 2990 Τί
599 2927 772 3010 στενάχεις
797 2925 907 3010 φιλέω.
1083 2927 1180 3006 ζ(69)

262 3009 321 3072 Dic
337 3015 478 3093 agedum,
493 3016 565 3091 quid
578 3014 737 3092 suspiras?
749 3017 839 3074 Amo.
854 3012 1011 3087 Quamne?
1030 3011 1179 3072 Puellam.

303 3099 494 3158 Pulchram?
519 3100 653 3160 Pulchra
673 3100 769 3158 oculis
791 3106 838 3158 est
859 3117 895 3157 ea
913 3097 980 3156 visa
998 3097 1084 3156 meis.

264 3186 322 3242 Ast
343 3186 397 3242 ubi
418 3186 487 3244 risa
508 3186 564 3244 tibi
582 3185 649 3244 est?
670 3185 865 3244 nicoenam
885 3184 965 3241 forte
988 3189 1110 3241 vocatus

306 3269 388 3340 Vidi,
409 3288 599 3329 communem
621 3277 776 3344 presserat
795 3268 849 3325 illa
870 3276 980 3327 torum.

267 3348 346 3429 Spes
369 3361 417 3413 est
435 3374 528 3432 posse
549 3355 628 3413 frui?
644 3353 743 3431 ¹Spes,
766 3374 783 3411 ο
805 3355 891 3412 bone.
915 3351 1056 3427 Denique
1077 3358 1181 3430 aperte

259 3467 262 3470 ·
306 3437 377 3498 Non
399 3457 475 3497 amo.
498 3441 639 3499 Furtivus
660 3458 755 3498 venor
775 3437 931 3496 amicitias.

266 3519 435 3602 Legitimos
453 3525 602 3584 thalamos
622 3523 702 3602 fugis
723 3522 817 3600 ergo?
838 3523 920 3581 Vera
930 3520 1054 3600 putasti.

307 3609 400 3684 Quod
421 3627 491 3668 sors
512 3610 582 3667 huic
604 3627 717 3686 parvas
737 3626 847 3682 nempe
867 3607 991 3683 reliquit
1011 3603 1108 3682 opes?

268 3689 367 3751 Omine
381 3700 478 3752 tenes.
493 3694 590 3772 Igitur
600 3711 657 3752 nec
672 3692 864 3750 amasbenel
880 3688 1181 3762 FallereNunquam

307 3778 405 3837 Recta
425 3786 538 3855 putans
560 3778 679 3837 animus
703 3777 895 3852 impatienter
917 3784 1007 3836 amat.
