3000 4725
632 626 784 721 —dd-

292 791 389 853 Cuius
412 793 509 853 adhuc
530 793 633 852 laudet
652 795 734 853 fama
755 794 888 853 tribunal
906 814 994 869 anus,

248 878 287 937 Et
306 897 401 955 grave
422 878 576 950 iudicium,
598 879 664 938 sive
686 881 763 953 eius,
786 880 840 955 qui
859 889 962 939 movet
984 900 1091 941 urnam

291 963 459 1039 Quaesitor
482 963 597 1036 Minos,
618 967 721 1023 Aeaee
742 965 808 1024 sive
832 972 930 1023 tantm

250 1047 365 1107 Omnia
385 1048 554 1107 concedent
574 1048 632 1107 iuri
653 1050 802 1109 subsellia
825 1058 941 1121 nostro,

290 1133 495 1209 laetitiaeque
517 1132 628 1191 snmus
649 1133 702 1191 lex
724 1134 872 1192 imitanda
891 1154 997 1193 novae.

249 1215 383 1279 Saecula
403 1216 537 1290 Saturni,
561 1217 755 1295 priscamque
776 1219 953 1278 reduximus
976 1239 1081 1280 summ

289 1302 429 1361 Iudiciis.
453 1302 578 1361 Themis
601 1310 649 1361 est
670 1322 723 1361 ore
744 1304 847 1361 locuta
867 1323 943 1363 meo.

248 1386 310 1446 Vos
332 1388 575 1464 conscriptorum
596 1387 727 1465 collegia
748 1388 964 1447 seriaPatrum

290 1471 418 1544 Testor,
438 1481 469 1531 et
489 1472 634 1549 auspiciis
655 1471 748 1531 Onria
768 1482 852 1531 recta
873 1474 964 1532 meis:

247 1556 418 1631 Ecquando
436 1558 569 1615 auditum
590 1567 698 1615 nostra
717 1558 765 1615 vel
785 1558 865 1629 labe,
888 1558 935 1616 vel
958 1560 1019 1617 ullo

289 1640 430 1701 Crimine
451 1650 494 1701 tot
515 1661 659 1719 proceres
683 1643 842 1703 erubuisse
862 1645 965 1702 novo?

249 1726 340 1801 Quae
361 1746 430 1784 mee
450 1727 567 1786 calcate
590 1727 741 1787 sententia
761 1728 859 1787 missa
877 1729 991 1805 pudore

290 1812 451 1871 Imminuit
470 1821 590 1871 vestrae
612 1812 678 1869 inre
698 1830 806 1871 severe
828 1814 937 1891 togae?

249 1894 327 1969 Quis
350 1916 406 1955 nos
425 1898 576 1956 vindictae
598 1898 697 1955 caecis
718 1896 852 1957 caluisse
876 1899 995 1956 notavit

290 1981 439 2054 Motibus,
461 1982 582 2041 obiectu
605 1981 654 2039 vel
673 1983 810 2058 tepuisse
831 1984 935 2041 metu?

250 2066 330 2141 Quis
351 2065 466 2125 lentum
491 2066 584 2125 vidit?
606 2067 786 2127 Miserarum
804 2076 877 2126 vota
899 2068 1041 2126 clientum

290 2151 414 2209 Eventu
437 2152 520 2209 dubii
542 2151 676 2229 pendula
698 2171 792 2229 saepe
815 2153 875 2211 sori

249 2234 326 2293 Non
350 2236 437 2293 favor
460 2236 562 2308 elusit,
584 2255 643 2295 non
663 2238 803 2311 improba
823 2238 922 2314 gratia
944 2238 1026 2309 vicit,

292 2318 366 2378 Nun
388 2321 622 2400 frustrat[r]ices
644 2322 799 2382 detinuere
817 2341 936 2382 morae:

249 2405 323 2464 Non
345 2407 426 2464 mala
450 2408 545 2480 staur,
567 2415 597 2466 et
614 2408 689 2467 iuris
711 2408 932 2467 inextricabilis
957 2425 1052 2478 error,

294 2489 365 2549 Non
385 2491 486 2570 legum
504 2492 535 2550 in
557 2493 665 2551 dubias
685 2494 815 2568 compita
836 2502 920 2551 secta
939 2492 1015 2550 vias.

250 2579 294 2635 At
313 2575 424 2654 longae
446 2579 590 2654 ambages
609 2577 680 2635 lites
704 2595 743 2635 ex
766 2578 819 2636 lite
840 2585 1019 2655 propagant,
1107 2615 1114 2627 ·

293 2661 334 2719 Et
355 2661 441 2721 fraus
462 2663 625 2722 succrescit
641 2662 798 2721 fraudibus
820 2672 884 2720 arte
906 2663 1015 2721 mela.-

250 2746 300 2804 Ah
325 2747 425 2805 valeat
444 2765 639 2823 quaecunque
662 2749 729 2806 viae
754 2749 936 2823 compendia
954 2746 1062 2816 nescit,

296 2830 496 2908 Pragmaticis
517 2833 631 2890 nullum
653 2851 767 2908 ponere
789 2833 876 2890 docta
899 2833 1029 2903 modum,

252 2915 316 2976 Sed
338 2917 417 2975 mals
438 2917 579 2976 iudicium
602 2917 712 2990 differt,
735 2935 771 2974 ac
794 2918 885 2976 surda
905 2924 1039 2976 moratur

295 2999 369 3059 Non
391 3009 514 3060 exorata
535 3002 617 3060 curia
636 3003 741 3062 clause
763 3019 843 3073 sera,

252 3084 382 3164 Dignior
403 3087 525 3164 ignaras
547 3088 635 3164 aequi
657 3102 734 3164 quae
756 3095 905 3163 temperet
924 3088 1026 3158 nrbes,

295 3169 398 3228 Ponat
418 3180 448 3229 et
468 3173 499 3230 in
522 3170 663 3249 Scythico
685 3175 815 3232 barbare
835 3172 903 3229 iura
927 3172 1006 3229 forn.

254 3253 408 3316 Sedulitas
430 3277 491 3315 una
510 3265 557 3315 est
579 3259 741 3316 clementia
760 3256 869 3315 iudicis
892 3257 991 3332 aequi,

297 3338 433 3400 Saevitia
457 3350 503 3401 est
524 3343 665 3418 quicquid
688 3351 790 3403 cessat
809 3343 847 3399 ab
868 3341 978 3399 officio.

253 3425 310 3484 Ille
332 3445 432 3485 moras
456 3428 568 3505 legum,
592 3435 622 3485 et
641 3427 715 3488 iuris
733 3427 903 3495 retinacula
923 3433 1053 3502 rumpat,

297 3511 427 3570 Sedulus
448 3512 589 3589 exemplo
612 3513 664 3588 qui
681 3515 764 3572 volet
785 3531 856 3571 esse
876 3531 956 3569 meo.

254 3593 411 3655 Hactenus
435 3598 579 3656 excubiae
600 3599 717 3675 pupuli.
739 3599 857 3673 private
876 3603 1037 3672 supersunt

295 3682 410 3753 Munia‚
429 3692 458 3741 et
480 3685 645 3742 instructae
670 3683 778 3741 sedule
799 3701 871 3739 cura
892 3684 1007 3740 domus.

254 3763 326 3824 Non
347 3766 421 3824 mihi
443 3768 575 3828 conscivi
598 3768 759 3840 maculam,
782 3786 843 3840 qua
864 3786 987 3838 nomen,
1009 3772 1040 3823 et
1058 3764 1142 3839 ipsos

295 3852 391 3912 Fama
411 3873 497 3914 meos
520 3873 617 3912 mores
641 3852 764 3912 decolor
783 3851 847 3908 ulla
868 3861 961 3910 notet.
