3000 4725
784 610 847 671 296

355 782 403 839 Ee
421 779 643 856 circumstrepit
663 779 819 839 homiuum
842 782 939 839 turba.

288 870 338 924 165
354 865 423 925 Nea
443 884 502 923 noe
521 873 627 924 eontra
648 864 787 923 conferre
808 866 917 943 pedem

356 950 535 1022 Possumus,
556 951 684 1008 absente
706 950 797 1009 modo
818 958 858 1009 te.

354 1036 398 1095 Ut
420 1042 618 1111 conspectum
637 1035 742 1112 fugere
764 1042 859 1107 tuum,

355 1118 532 1196 strepitant,
552 1118 651 1194 qualia
674 1119 819 1179 defuncta
840 1127 921 1177 metu

354 1204 503 1277 Vulturis,
525 1204 625 1262 avium
647 1205 736 1263 turba
751 1202 921 1264 uolantum.

357 1289 449 1364 Quod
472 1289 500 1348 ai
522 1284 631 1348 subitis
651 1290 729 1348 citus
750 1292 878 1363 existat,

288 1384 339 1437 170
355 1374 432 1432 Muti
454 1374 573 1452 fugiant
596 1374 790 1452 trepidanter.

707 1458 838 1537 Stropha
860 1460 921 1517 XI.

357 1546 447 1602 Anne
470 1543 573 1601 Diana
593 1550 677 1602 tuum
696 1546 820 1605 soboles
841 1544 926 1603 Iovis

355 1628 419 1704 (Ah
440 1628 506 1685 fera
528 1628 618 1700 fama,
643 1629 719 1702 fera,

355 1714 453 1771 Mater
474 1714 514 1770 ah
535 1713 641 1789 probri
661 1714 736 1790 mai)

354 1798 393 1855 In
411 1797 520 1875 volgus
541 1803 744 1857 armentorum
765 1799 896 1857 animum
917 1795 1048 1868 fumavit,

355 1884 418 1942 Aut
436 1884 511 1942 orba
531 1883 631 1941 fructu
648 1884 751 1942 debito
773 1883 929 1956 victoriae,

354 1969 417 2026 Aut
439 1958 609 2043 spoliorum
632 1969 732 2044 aliquo

354 2053 512 2111 Frustrata
531 2053 661 2125 honore,
685 2061 737 2111 aut
760 2051 877 2111 hinulei
898 2050 1035 2109 exuviis?

355 2136 525 2195 Bellonane
543 2156 582 2195 an
601 2140 684 2197 Mara
707 2137 890 2215 supplicium
912 2135 1019 2194 rabido

355 2222 495 2281 Poaaeus
517 2222 617 2279 oulen·

356 2313 401 2364 ·te
425 2307 755 2386 sanguinemoativagie
778 2306 907 2366 vindicis

355 2391 519 2451 Furoribua
541 2392 614 2450 irae.

513 2504 520 2518 ·
613 2507 616 2510 ⁴
668 2477 863 2552 Antiatropha
886 2477 947 2534 XI.

356 2558 430 2619 Nou
448 2568 479 2618 te
501 2561 578 2618 adeo
600 2580 697 2636 usque
721 2561 846 2621 sinister
863 2561 925 2638 agit
944 2560 1036 2630 furor,

357 2645 385 2706 Ο
408 2644 637 2719 Telamoniade,

356 2731 394 2788 In
415 2749 524 2809 greges
544 2739 579 2790 ut
600 2739 632 2789 tu
652 2732 763 2790 irruas.

357 2815 444 2874 Haeo
464 2816 603 2874 caelitum
626 2817 672 2876 vie
696 2824 744 2875 eat
762 2834 857 2892 mage.
881 2814 1018 2890 Iuppiter
1033 2831 1120 2870 arer-

357 2909 496 2959 ·runoate
515 2902 609 2980 volgi,
634 2909 664 2959 et
684 2901 819 2972 Phoebe,
842 2917 976 2958 rumores
998 2898 1107 2958 malos.

357 2983 413 3046 Sin
432 3005 488 3046 eua
509 2987 679 3063 composito

355 3068 535 3130 Commenta
553 3074 671 3149 fingunt
691 3078 756 3129 arte
779 3071 859 3128 male
880 3087 1035 3146 proceres,

330 3152 332 3155 ’
354 3156 417 3213 Aut
436 3175 505 3214 aare
526 3158 606 3215 cauti
629 3155 812 3232 Sisyphidaa
834 3173 948 3233 genus:

356 3238 417 3311 Ne,
439 3241 466 3300 ei
489 3241 585 3319 sapis,

354 3323 404 3381 Ad
427 3324 513 3397 haec,
533 3346 622 3404 rogo,
645 3333 745 3385 eastra
766 3344 892 3384 manens
913 3324 1032 3396 deside‚·

354 3407 470 3468 Probro
493 3410 609 3468 tibine
633 3410 682 3469 eit.

701 3497 827 3572 Epodue
850 3495 922 3554 VII.

354 3574 473 3651 Linque
495 3579 618 3638 aediliar
640 3598 746 3658 surge:
769 3581 822 3639 ubi
844 3580 913 3655 plue
938 3585 987 3639 eat
1007 3577 1100 3655 longo
1130 3617 1132 3622 -

355 3661 454 3720 Lente
472 3663 622 3722 exereitus
641 3663 813 3724 immoraris
838 3665 914 3738 otio,

355 3745 432 3804 Dira
449 3747 590 3805 incendia
610 3750 773 3809 ventilans.

355 3831 483 3909 Impune
503 3841 644 3909 proterva
665 3835 712 3893 vis
734 3834 856 3912 linguae
