3000 4725
732 641 884 736 „ffi-

350 807 450 873 Οὐδὲν
471 803 655 890 γλοκότερόν
681 805 771 883 ἐστιν,
791 808 811 890 ἢ
832 805 920 871 πάντ’
944 803 1070 868 εἰδέναι.

350 891 450 959 Οὐδὲν
474 890 596 975 γορίνοο
621 891 779 976 βατράχου
805 893 929 977 σοφώτε
950 911 995 958 ος.

350 975 451 1044 Οὐδὲν
474 975 630 1038 λέλειπται
644 978 712 1037 τῶν
734 976 817 1059 ἐμῶν
841 975 911 1039 οὐδ’
931 914 1078 1059 θγκαφος.

351 1060 452 1128 Οὐδὲν
473 1059 632 1128 πέπονθας
654 1061 765 1136 δεινόν,
787 1061 815 1123 εἰ
838 1061 879 1143 μὴ
904 1064 1078 1144 προσποιεῖ.

350 1144 451 1212 Οὐδὲν
477 1143 509 1206 αἶ
528 1143 633 1228 ὀνήσει
655 1145 778 1230 βολβὸς,
800 1143 835 1206 ἀν
861 1144 901 1227 μὴ
925 1144 1011 1227 νεῦρ’
1037 1141 1123 1228 ἔχης.

351 1227 450 1296 Οὐδὲν
475 1232 586 1314 φρονεῖ
607 1229 723 1292 δίκαιον
748 1229 883 1297 ἐστυκὼς
903 1229 991 1313 ἀνήρ.

351 1311 432 1394 Οόθ’
455 1316 597 1397 ηλιοῦται
619 1317 788 1391 παντελῶς,
812 1312 884 1377 οὔθ’
910 1314 1005 1376 ὕεται.

351 1395 417 1464 Οὐκ
438 1396 473 1462 ἀν
497 1397 615 1480 γένοιτο
634 1401 769 1482 χρηστδς
792 1399 826 1461 ἐκ
848 1402 946 1462 κακοῦ
968 1395 1091 1479 πατρός.

351 1481 417 1548 Οὐκ
438 1481 473 1546 ἀν
499 1482 621 1565 μόροισι
637 1489 731 1565 γραῦς
754 1482 839 1546 ἐοῦσ’
863 1483 1007 1567 ἠλείφεο.

351 1563 418 1632 Οὐκ
442 1566 477 1631 ἀν
502 1566 599 1630 πάθοι
619 1567 754 1652 τάριχος,
778 1565 880 1650 ὧνπερ
907 1566 1000 1636 ἄξιος.

355 1648 421 1715 Οὐκ
444 1652 505 1734 εἰμὶ
528 1651 655 1716 τούτων.
679 1655 739 1714 τῶν
761 1652 819 1736 γάρ
841 1653 955 1735 ἡρώων
979 1651 1052 1733 ἐγὼ,

392 1741 507 1799 κακοῦν
532 1736 663 1819 ἑτοίμων
686 1739 814 1819 μᾶλλον,
836 1737 856 1820 ἢ
881 1735 1062 1820 εὐεργετεῖν.

352 1817 418 1884 Οὐκ
438 1819 500 1883 ἔστ’
526 1819 600 1902 ἐμὸν
622 1822 655 1884 τό
676 1825 812 1905 πρᾶγμα,
833 1820 936 1885 πολλά
957 1819 1103 1904 χαιρέτω.

295 1981 297 1988 γ
352 1901 419 1969 Οὐκ
441 1903 505 1968 ἔστι
528 1903 664 1973 Πειθοῦς
686 1906 768 1989 ἱερὸν
791 1904 880 1982 ἄλλο,
898 1905 978 1988 πλὴν
1002 1902 1103 1986 λόγος.

352 1984 418 2053 Οὐκ
442 1989 521 2052 ἔστιν
545 1989 627 2058 όστις
647 1990 735 2052 πάντ’
758 1989 835 2100 ἀνηρ
858 1989 1047 2072 εὐδαιμονεῖ.

353 2069 419 2136 Ona
464 2073 530 2151 θος,
554 2073 634 2137 ἀλλὰ
658 2075 711 2158 τὴν
735 2075 785 2159 τρί
842 2075 985 2137 ἀλλάττει
1007 2072 1109 2141 λόκος.

347 2154 385 2221 Ὀ
415 2157 421 2183 ¹
446 2158 551 2241 ηλθες,
573 2158 654 2220 ἀλλά
675 2159 703 2241 γ’
729 2097 940 2228 είςθίολωνὸν
965 2159 1042 2221 ίεσο.

352 2239 471 2324 Παγαις
490 2242 617 2326 ἀλώπηξ
642 2241 732 2313 αῦθις
752 2245 813 2328 οὐχ
833 2245 999 2306 ἁλίσκεται.

352 2323 456 2391 Πάλαι
479 2326 554 2393 ποτ’,
571 2325 650 2412 ἦσαν
675 2327 800 2413 ἄλκιμοι
822 2327 979 2412 Μιλήσιοι.

353 2409 609 2495 Παλινδρομῆοαι
632 2415 762 2495 μᾶλλον,
784 2415 803 2497 ἦ
824 2417 928 2481 κακῶς
949 2414 1087 2496 δραμεῖν.

352 2498 418 2564 Ποῖν
439 2519 485 2559 τοι
507 2496 672 2581 γενόμενον
696 2500 858 2562 κατθανεῖν
881 2498 1049 2582 όφειλεται.

353 2580 445 2664 Παρὰ
471 2582 525 2664 μὲν
550 2581 710 2644 θάλασσαν
724 2584 900 2666 περίπατος,
914 2582 999 2665 παρὰ
1016 2586 1072 2665 γῆν
1089 2581 1118 2645 δ’
1132 2584 1148 2646 ό
1162 2581 1257 2645 πλοῦς·

353 2666 420 2733 Παῖς
442 2664 506 2729 ἐστι
521 2664 625 2751 δούλῳ
650 2666 801 2751 δεσπότης
822 2667 1065 2752 μονοσύλλαβος.

352 2750 477 2834 Ποίσησι
500 2752 701 2835 κοροδαλοῖσ’
727 2752 841 2816 ἐνεῖναι
861 2752 922 2836 χρὴ
945 2751 1054 2836 λόφον.

353 2834 566 2904 Παταικίωνος
588 2840 901 2921 σοκοφαντικιότερος.

353 2920 474 3002 Παγεῖα
516 2920 611 3003 αστὴρ
636 2922 745 2983 λεπτόν
771 2921 806 2985 οῦ
827 2922 918 2984 τίκτει
940 2919 1021 2984 νόον.
1108 2918 1258 3004 [παχεῖαῖ]

353 3004 441 3088 Πεζῇ
464 2943 590 3089 βαθίζω.
612 3009 674 3067 νεῖν
697 3005 756 3089 γὰρ
779 3005 835 3069 οὐκ
857 3005 1032 3086 ἐπίσταμαι.

354 3087 476 3152 Πείθειν
498 3088 555 3172 γάρ
579 3088 645 3153 οἶδε
668 3091 720 3151 καὶ
741 3089 862 3173 πέφυκε
883 3090 924 3172 μὴ
947 3088 1058 3170 λέγων.

353 3171 503 3235 Πεινῶντι
531 3172 670 3237 κλέπτειν
694 3172 756 3237 ἔστ’
782 3174 957 3255 ἀναγκαίως
980 3171 1065 3257 ἔχον.

354 3253 452 3319 Πενία
473 3257 530 3340 γάρ
553 3257 632 3321 ἐστιν
652 3250 674 3341 η’
696 3258 818 3342 τρόπων
842 3259 1036 3325 διδάσκαλος.

354 3337 468 3403 Πέπων
494 3340 592 3423 ἐρινὺς
612 3346 772 3413 παντελῶς
795 3344 921 3428 ἀχρεῖος
945 3342 987 3405 ὤν

399 3424 442 3492 εἰς
464 3426 588 3509 βρῶσιν,
612 3426 727 3495 ἄλλους
750 3427 932 3512 ἐξερινάζεις
955 3426 1038 3511 λόγῳ
1046 3450 1056 3503 ;

355 3505 522 3591 Περνῶντα
545 3510 596 3571 τδν
618 3513 788 3597 χαραδριὸν
815 3511 1013 3596 μιμούμενος.

355 3589 484 3655 Πίνουσ’
507 3594 637 3679 ὁμίχλην
660 3600 714 3678 τῆς
733 3599 883 3681 πονηρίας
908 3595 1011 3661 κακοί.

355 3673 471 3744 Ποθεῖς
487 3677 538 3739 τόν
562 3678 598 3739 οὐ
618 3680 758 3764 παρόντα
778 3683 829 3745 καὶ
850 3683 947 3765 μάτην
968 3683 1083 3748 καλεῖς.

356 3756 487 3829 Πόλεως
510 3760 646 3847 ἁλούσης
668 3766 778 3833 πάντες
801 3763 840 3829 αό
864 3766 997 3849 φροῦδοι
1019 3765 1098 3829 θεοί

356 3840 457 3909 Πολιά
479 3843 600 3931 χρόνοοΙ
617 3848 754 3931 μήνυσις,
775 3849 812 3913 οῦ
837 3850 1028 3935 φρονήσεως.
