3000 4725
697 646 734 706 61

265 808 357 873 ἄστεα
380 815 434 892 τῆς
456 810 534 893 ἰδίης
556 814 664 895 χρείης
683 814 774 897 χάριν
794 811 931 896 ἔμπορος
948 812 1047 877 εἶδεν·

301 896 479 979 Δουσιάδης
497 900 602 978 κοινῆς
624 898 704 981 ἀμφὶ
725 896 902 981 propellas.

608 986 691 1043 Idem
710 984 827 1045 Inane.

261 1066 437 1128 Dousiadcs
459 1068 559 1145 patria
578 1070 696 1145 patrias
719 1070 889 1142 studiosus,
912 1079 1027 1131 amator

298 1152 416 1226 Patris,
440 1153 584 1212 sustinuit
605 1162 692 1232 patro
715 1174 819 1213 carcre
840 1173 908 1227 suo,

262 1237 385 1315 Oppida
406 1238 597 1315 perlustrans
619 1258 687 1298 erro
709 1240 883 1317 peregrina,
905 1248 1030 1315 paratus

298 1322 408 1399 Usque
431 1323 469 1381 ad
489 1323 627 1400 Ripaeos
651 1326 774 1383 laudaro
792 1325 1023 1402 Hyperboreos.

260 1408 412 1467 Mercator
434 1408 542 1485 cupide
566 1410 750 1486 sapiensque
772 1418 913 1487 vagatur:
936 1417 968 1466 at
985 1410 1070 1469 iilum

300 1492 399 1571 Urget
423 1510 526 1570 opum,
550 1492 630 1551 hunc
648 1494 750 1551 varias
772 1494 957 1573 cognitionis
982 1513 1075 1554 amor.

259 1576 423 1637 Diversum
448 1578 598 1637 meditans
621 1580 775 1637 sententia
796 1580 893 1657 surgit
916 1579 1045 1655 utrique.

179 1716 186 1732 ,
300 1662 369 1721 Nec
390 1681 478 1722 mens
500 1682 560 1721 una
582 1663 655 1736 illis,
680 1664 720 1723 sit
739 1663 812 1722 licat
832 1683 893 1721 una
913 1664 973 1721 via.

260 1750 461 1807 Mercator-em
484 1748 576 1807 urbcs
596 1748 734 1825 privatus
758 1750 859 1807 visera
879 1756 1016 1823 questus,

299 1832 430 1891 Publica
451 1832 632 1893 Dousiaden
654 1832 774 1909 impulit
794 1834 920 1893 utilitas.

536 2078 730 2157 uuluam!
755 2076 893 2157 uiuus„

264 2249 289 2307 1.
335 2250 460 2327 uisus,
485 2253 516 2307 u
547 2249 582 2309 V.
608 2249 639 2308 ο.
670 2249 868 2325 claraus
894 2225 1023 2320 raaia,
1050 2249 1176 2310 semaa

574 2335 721 2411 Principia
740 2336 857 2393 obitam.

262 2416 294 2480 si
316 2421 385 2496 quis
406 2420 504 2478 adbuc
524 2421 641 2496 bospss
666 2428 805 2478 nostrum
826 2419 909 2478 vidst
929 2421 1036 2479 ordine
1056 2421 1151 2500 longo

301 2505 419 2577 Funus,
444 2512 474 2562 at
494 2512 609 2564 amatos
632 2512 759 2582 pectora
777 2513 899 2563 moesta
917 2503 1041 2566 Patras:

261 2588 308 2648 Ns
330 2597 449 2648 tantum
471 2608 626 2667 pompam,
647 2608 703 2648 noc
725 2608 784 2649 nos
806 2592 932 2648 miretur
949 2592 988 2649 ab
1008 2592 1072 2650 illa.

255 2717 258 2724 Δ
301 2676 459 2752 Exequias
482 2675 597 2734 meritis
622 2675 764 2734 aestimet
782 2674 836 2732 illc
856 2674 944 2733 mois.

261 2763 390 2838 Magnus
414 2779 471 2838 ego
493 2760 612 2838 magnis
634 2759 728 2818 orior:
750 2777 848 2833 nequo
865 2777 945 2817 nunc
958 2761 1032 2818 mihi
1044 2752 1193 2837 primum¹

303 2845 467 2920 Quaesitus
488 2845 577 2904 nosci
599 2844 726 2922 contigit
743 2845 824 2901 intcr
842 2861 925 2919 opos.

261 2930 369 2990 Debeo
392 2937 529 3002 naturae,
553 2929 634 3004 quod
654 2949 716 2987 non
734 2947 858 3000 casura,
881 2946 980 3004 nequo
999 2928 1070 2988 ullis

300 3016 453 3075 Fortunae
475 3033 602 3091 possum
627 3014 738 3072 clarior
758 3031 828 3071 essa
851 3013 952 3071 bonis.

261 3102 309 3160 Ms
333 3100 392 3160 sibi
413 3100 558 3158 iuridioas
582 3107 655 3177 toga
676 3098 810 3157 vindicat
830 3117 891 3156 una
911 3097 1077 3171 Minervas,

302 3187 343 3246 m
356 3205 458 3243 rerum
482 3185 597 3242 domini
618 3184 717 3262 gloria
736 3185 836 3260 prima
853 3183 922 3242 sori.

260 3267 330 3329 Non
352 3278 455 3328 tamen
477 3278 507 3328 ot
529 3277 643 3328 temere
663 3277 764 3328 tantas
783 3268 967 3345 accingimur
983 3274 1076 3341 artas,

302 3354 371 3414 Nec
391 3355 517 3414 terimus
538 3354 622 3432 vulgi
641 3373 737 3431 prava
759 3353 915 3427 sequentis
933 3353 1001 3410 iter.

260 3439 327 3498 Nec
350 3459 407 3500 vos
430 3440 594 3517 polluimus
618 3447 741 3498 sanctas
763 3455 833 3496 mco
852 3438 977 3496 numina
998 3437 1094 3516 loges.

302 3524 467 3584 Attulimus
491 3543 582 3601 puras
609 3525 647 3583 ad
672 3541 760 3584 sacra
781 3529 883 3581 restra
904 3542 1022 3585 manus.

261 3610 426 3668 interdicta
446 3611 531 3682 viris,
553 3610 614 3668 nisi
637 3627 715 3686 quos
738 3608 876 3666 doctrina
896 3608 1029 3680 vocarit,

303 3695 449 3772 Irrumpit
467 3695 568 3772 legum
587 3694 694 3752 limina
715 3711 805 3752 sacra
824 3713 910 3770 puer.

263 3780 448 3840 Atirocinio
470 3780 603 3857 linguas,
628 3779 792 3855 primisque
816 3778 970 3857 magistris

302 3863 449 3924 Protinus
467 3865 608 3942 ancipitis
630 3863 741 3924 transit
765 3863 804 3921 ad
825 3883 911 3922 arma
928 3862 998 3922 fori.
