3000 4725
340 766 367 824 Ε
389 764 483 842 stirpe
503 764 737 825 Laomedontis:
760 764 961 842 eximiamque
983 767 1013 825 ei

340 848 462 909 Praeda
483 849 553 907 olim
576 851 613 908 ab
636 851 719 909 omni
739 850 911 910 muneravit
923 850 1093 912 Hercules?

340 934 423 1012 Ergo
446 942 595 1009 optumus,
616 934 731 995 duobus
749 936 952 1010 optumatibus

266 1016 333 1070 13⁰5
344 1018 435 1079 Satus
458 1019 627 1079 dehoneste
648 1020 770 1098 generis
791 1028 931 1079 auctores
953 1022 1024 1093 mei,

343 1104 430 1181 Quos
452 1104 635 1179 insepultos,
660 1106 691 1164 in
710 1105 867 1165 laboribus
891 1107 968 1166 sitos

342 1189 427 1262 Istis,
448 1189 585 1265 repellis:
611 1208 668 1249 nee
688 1190 784 1267 pudet
803 1190 991 1249 iactantiae?

342 1272 405 1334 Sed
426 1282 526 1334 certus
550 1282 628 1347 esto,
651 1275 679 1334 si
699 1274 795 1335 virum
820 1276 900 1334 hune
919 1275 1082 1352 repellitis,
1144 1310 1151 1319 -

344 1359 477 1419 Omnino
500 1378 555 1418 nos
575 1367 635 1419 tres
658 1368 688 1417 et
708 1360 799 1419 simul
820 1360 978 1436 repellitis.

265 1441 425 1503 1³¹⁰Nam
444 1464 499 1520 pro
522 1444 581 1503 hoe
602 1445 676 1502 mihi
694 1445 889 1521 periclitanti,
910 1444 1045 1503 nobilem

343 1530 499 1606 Oppetere
522 1536 651 1588 mortem
673 1530 783 1590 melius
807 1537 866 1603 est,
885 1549 976 1604 quam
994 1549 1050 1606 pro
1072 1537 1125 1586 tna

271 1667 272 1673 ,
341 1614 465 1675 Uxore:
489 1632 578 1689 quam
598 1635 653 1692 pro
675 1616 768 1673 fratre
790 1633 936 1691 germano
958 1621 1022 1672 tuo.

342 1700 391 1757 Ad
411 1700 482 1772 ista,
504 1718 576 1757 eura
593 1720 653 1758 nou
675 1718 775 1759 meam
796 1719 870 1773 rem,
893 1700 947 1759 sed
969 1706 1062 1757 tuam.

344 1782 378 1845 Si
400 1784 489 1843 ndxis
516 1784 618 1859 aliqua
640 1804 673 1843 re
695 1785 781 1857 mihi,
802 1785 1028 1862 ignavissumus

268 1864 334 1921 1315
343 1869 489 1929 Fortasse
511 1869 600 1927 malis
624 1888 705 1942 esse,
729 1889 819 1945 quam
841 1870 1083 1950 audacissumus.

344 1952 399 2013 ch.
434 1954 565 2027 Adesse,
587 1954 712 2031 Ulysse,
731 1963 762 2013 te
782 1963 888 2031 putato
906 1954 1045 2030 temperi,

344 2038 415 2099 Nisi
436 2041 494 2099 hos
515 2040 602 2099 nevis
626 2040 779 2112 dirimere,
804 2040 858 2099 sed
878 2039 1075 2098 committere.

343 2123 394 2184 Ul.
439 2121 518 2197 Quid
540 2132 598 2195 est,
618 2125 731 2183 amici?
755 2144 818 2183 vox
841 2124 1016 2186 Atridarum
1039 2124 1147 2200 procul

344 2207 444 2285 Super
464 2209 523 2267 hoo
544 2208 665 2267 valente
688 2218 808 2269 mortuo
830 2210 905 2268 mihi
922 2208 1041 2267 accidit.

268 2290 336 2346 13‘20
344 2296 422 2372 Aga.
463 2296 513 2352 Au
536 2313 610 2366 non,
633 2294 759 2372 Ulysse,
780 2297 873 2354 verba
894 2294 976 2352 dictu
993 2293 1131 2367 infamia,

344 2379 384 2438 Iit
402 2380 515 2456 probra
537 2381 576 2437 ab
595 2379 656 2439 isto
680 2399 776 2456 nuper
796 2380 1030 2440 exaudivimus?

344 2463 394 2524 Ul.
421 2465 508 2540 Quae
520 2465 654 2544 probra?
664 2466 782 2541 culpam
795 2466 876 2524 haud
888 2471 1062 2537 commoret,
1079 2482 1130 2522 me
1141 2462 1247 2534 iudice,

345 2548 467 2625 Siquis
490 2549 570 2608 male
592 2550 751 2623 audiendo,
774 2551 940 2628 respondet
958 2550 1047 2608 male.

347 2637 423 2711 Aga.
469 2634 550 2693 Male
569 2633 679 2703 audiit:
702 2655 835 2712 namque
857 2636 911 2694 ille
929 2654 978 2692 me
1000 2633 1103 2692 affecit
1120 2631 1210 2690 male.

269 2719 395 2780 1325Ul.
467 2719 580 2778 Affeoit
593 2721 720 2793 adeon’,
742 2729 776 2780 ut
796 2721 852 2779 tibi
872 2721 930 2779 siet
947 2719 1049 2779 male?

344 2807 422 2882 Aga.
448 2803 547 2887 *Nam
563 2806 615 2880 qui
637 2806 822 2882 insepultum
844 2825 878 2864 se
892 2807 951 2864 hoc
967 2805 1153 2864 omissurum
1161 2811 1249 2882 neget

346 2888 494 2964 Cadaver,
517 2898 550 2948 ut
572 2911 634 2950 non
655 2891 783 2950 tumulet
802 2891 922 2950 iniussu
944 2909 1023 2949 meo.
1325 2908 1326 2913 ¹

345 2976 395 3037 Ul.
440 2976 566 3034 Lieetue
588 2977 686 3036 amieo
709 2975 851 3053 proloqui
870 2994 974 3034 verum
994 2975 1049 3033 tibi

346 3060 414 3118 Tua
435 3060 516 3118 haud
535 3061 664 3133 minore,
685 3079 775 3136 quam
796 3061 892 3137 prius,
914 3079 982 3118 cum
1004 3057 1125 3137 gratia?

269 3146 422 3222 1330Aga.
460 3145 557 3204 Licet.
578 3165 649 3204 nam
672 3157 702 3203 et
725 3154 809 3206 esset
831 3144 1002 3218 caeteroqui
1019 3143 1177 3201 iniurium:

346 3229 548 3306 Praecipuum
574 3231 702 3289 amicum
723 3249 791 3290 cum
814 3238 844 3288 te
867 3231 899 3287 iu
920 3228 1043 3306 Argivis
1065 3235 1177 3302 putem.

344 3313 395 3372 Ul.
439 3313 528 3373 Audi.
549 3334 603 3390 per
621 3335 678 3394 ego
701 3323 731 3374 te
748 3315 888 3387 caelites,
911 3335 950 3372 ne
971 3313 1078 3389 profici

345 3397 451 3456 Virum
472 3399 658 3476 insepultum
678 3402 758 3459 hunc
781 3401 852 3460 siris
873 3398 1100 3458 inclementius:

345 3481 413 3541 Nee
435 3503 472 3542 eo
495 3502 590 3558 usque
612 3494 642 3544 te
665 3485 728 3546 odii
747 3485 897 3562 provehat
913 3484 1047 3555 licentia,

270 3578 337 3634 1335
345 3567 389 3628 Ut
411 3588 501 3626 omne
521 3569 628 3643 iusque
650 3571 759 3645 fasque
782 3570 964 3647 prosubigus
988 3568 1075 3644 pede.

346 3653 423 3714 Mihi
444 3655 580 3712 omnium
598 3655 653 3712 illa
669 3674 815 3732 pessume
833 3655 973 3714 infensus
994 3653 1062 3725 fuit,

346 3739 472 3814 Exque
494 3755 578 3796 arma
601 3740 714 3798 Achilli
734 3741 788 3799 lite
810 3747 918 3800 nostra
938 3738 1095 3797 evicimus.

347 3821 409 3884 Sed
429 3831 532 3884 tamen
554 3842 611 3901 ego
632 3823 718 3882 illum
737 3834 801 3884 tam
828 3825 911 3885 male
928 3822 1096 3883 auimatum
1117 3821 1189 3882 mihi
