3000 4725
754 582 904 677 Q

414 750 601 821 Foemineia,
625 750 746 824 inquis
769 759 817 809 est
840 751 996 810 diuturnus
1019 770 1112 811 aanor.
1177 822 1181 831 Ι

372 838 475 913 Turpe
498 854 573 911 puer
595 834 764 893 catamitus.
787 836 824 894 In
847 837 906 894 hoc
928 836 1002 893 mihi
1024 837 1165 913 displicet
1186 838 1233 896 illa

413 921 613 980 Praematura
633 920 762 979 horrens
785 920 889 979 invida
909 922 990 997 pube
1011 922 1099 981 cutis.
1155 970 1161 973 .

374 1089 470 1165 t(85)
660 1083 750 1146 Ψαδε
777 1084 996 1166 μελισταγέων.

372 1174 490 1251 Tange,
513 1171 794 1245 Oa1i1‚meloria;
818 1173 923 1233 habes.
946 1174 1082 1251 Mulgere
1107 1174 1187 1247 licet,
1208 1192 1254 1231 nec

415 1258 535 1318 Invidia
556 1267 614 1317 est.
635 1257 760 1317 Utinam
781 1266 813 1315 tn
835 1258 916 1332 quod
937 1276 982 1331 es,
1004 1259 1071 1334 ipse
1091 1260 1204 1319 forem!

374 1427 470 1503 [(86)
592 1420 715 1504 Ἱμερτὴ
738 1419 844 1506 Μαρίη
870 1424 1076 1504 μεγαλίζεται.

373 1513 401 1573 Ο
426 1510 586 1587 quamius
609 1528 704 1584 penes
729 1518 788 1582 est,
812 1518 841 1569 et
863 1528 933 1569 cura
955 1512 1117 1571 retundere
1135 1515 1236 1586 fastus,

414 1597 525 1656 Elatae
544 1594 660 1653 Mariae
683 1603 818 1673 pectora,
844 1596 924 1668 diva,
946 1615 1064 1671 preme:

372 1682 444 1741 Non
465 1688 499 1738 ut
519 1687 614 1737 morte
634 1679 699 1736 luat
719 1699 850 1756 poenas,
874 1682 928 1741 aad
949 1682 1061 1739 vertice
1084 1690 1148 1741 toto

417 1766 545 1837 Caneat,
567 1772 598 1821 et
617 1782 725 1839 corpus
750 1784 826 1843 ruga
852 1765 958 1825 senilis
980 1774 1054 1823 aret.

372 1852 495 1929 Exigite
519 1870 538 1909 0
563 1849 630 1907 cani
652 1849 844 1909 lacrimarum
867 1851 987 1909 nomine
1008 1869 1143 1927 poenas:

414 1937 454 1995 Et
475 1935 593 2011 culpam
617 1933 723 2009 culpae
746 1936 868 1995 conscia
888 1936 988 1995 forma
1010 1936 1083 1993 luat.

375 2105 471 2181 t(87)
622 2098 781 2182 Δακρύενς,
804 2098 924 2161 ἐλεεινὰ
943 2102 1057 2169 λαλεῖς.

372 2190 466 2248 Flena
488 2187 636 2262 loqueris,
647 2187 800 2261 lacrimas,
811 2196 925 2247 temere
943 2189 1069 2265 aspicis,
1083 2189 1180 2247 ureris
1202 2192 1270 2245 aestu

418 2273 582 2347 Zelotypo,
602 2279 756 2346 attrectas,
780 2272 887 2331 oscula
909 2274 1015 2331 crebra
1037 2274 1124 2333 seria.

373 2357 462 2419 Istud
483 2375 584 2414 amare
606 2358 727 2432 quidem
749 2367 811 2418 est:
833 2358 874 2431 id,
897 2375 945 2417 me
967 2357 1095 2432 dicente,
1121 2366 1225 2435 parata
1303 2415 1304 2418 ,

373 2502 377 2513 ,
417 2442 503 2515 Sum,
523 2461 591 2500 cnm
612 2441 800 2516 dissimulas,
825 2463 884 2502 non
902 2444 934 2501 id
953 2445 1083 2502 amantis
1107 2445 1210 2504 habes.

378 2613 475 2689 (aa)
607 2633 610 2636 ⁴
670 2605 779 2687 111111
804 2609 864 2688 aa
892 2611 1008 2693 panta.
1303 2583 1304 2674 i

373 2698 488 2758 Malum
513 2715 579 2773 ego,
601 2715 650 2754 me
669 2696 741 2753 iecit
759 2698 810 2772 qui
830 2706 860 2756 te
882 2699 971 2775 perit.
995 2717 1095 2756 annue
1117 2696 1227 2757 amanti

418 2782 606 2858 Xanthippe
629 2789 767 2840 nastrum
790 2784 848 2842 flos
869 2783 1025 2858 utriusque
1048 2783 1137 2860 parit.

377 2952 473 3029 ((89)
658 2943 718 3007 Τὸν
743 2952 875 3027 σιγῶντα
898 2947 1031 3010 Φιλαινὶ.

374 3037 488 3096 Arcani
508 3044 609 3094 mutua
631 3035 720 3094 tentis
742 3037 791 3094 fac
812 3036 914 3094 lumen
937 3036 1016 3096 olivo

419 3121 466 3182 Sit
486 3131 582 3193 satur,
605 3128 636 3177 et
656 3120 756 3194 prodi,
776 3121 867 3178 chara
887 3121 1039 3191 Philaeni,
1061 3122 1155 3180 foras.

374 3205 456 3265 Nam
483 3225 552 3265 scae
570 3205 646 3264 vivis
669 3206 801 3280 spectari
822 3206 951 3266 testibus
972 3206 1037 3265 odit

419 3289 512 3350 Solus
534 3293 636 3348 Amor.
659 3289 708 3348 Tu
727 3311 802 3350 mcx
823 3291 911 3364 obde,
937 3290 1088 3362 Philaeni,
1111 3290 1215 3348 forem.

377 3458 473 3535 t(90)
657 3453 721 3524 Νὺξ
744 3456 822 3538 ἱερὴ,
843 3457 894 3518 καὶ
911 3456 1014 3540 λύχνε.

375 3543 496 3619 Nempe
517 3543 608 3601 ambo
630 3543 747 3602 alterno
769 3545 934 3604 iuravimus
956 3544 1062 3603 ordine
1083 3551 1209 3620 pactam,

418 3627 523 3687 Testis
546 3628 606 3686 eris
624 3635 656 3685 tu
676 3627 757 3701 Nox,
780 3637 871 3705 tuque
894 3631 1042 3702 Lucerna,
1062 3629 1162 3687 fidem.

375 3713 418 3774 Ut
435 3712 534 3772 nentri
552 3720 691 3772 neutrum
712 3714 760 3772 fas
781 3722 864 3774 esset
885 3714 1002 3786 fallere,
1023 3714 1108 3772 vobis

419 3798 576 3870 Tacitus,
599 3806 724 3874 accepta
743 3807 802 3873 est,
825 3808 854 3858 et
874 3795 944 3858 data
964 3798 1103 3873 utrinopne
1124 3798 1206 3856 fides.
