3000 4725
622 639 774 736 -ιοι-

199 835 201 844 ⁴
259 800 427 882 Πλακιάδαι,
448 805 468 890 ἦ
491 805 508 868 ό
529 802 686 874 Στίλαιος.
709 801 875 889 Πράγματ’
900 803 932 874 ἐξ
952 803 1110 888 ἀπραξίας.

257 886 388 958 Πλείονες
406 895 466 953 τῶν
487 885 712 974 Καλλικυρίων.
735 886 787 958 Ἐς
806 887 894 970 αἶγας
914 888 1029 974 ἀγρίας.

255 971 411 1056 Πομφόλυέ
435 972 608 1057 ἄνθρωπος.
640 971 745 1060 Οὐρίιρ
766 972 918 1058 φέρεσθαι
936 973 1095 1057 πνεύματι.

254 1057 318 1140 Πρὶν
337 1060 441 1143 λαχεῖν
462 1057 500 1121 τὰ
521 1057 604 1121 κοῖν’
627 1059 794 1127 άπεσδίεις.
816 1055 946 1121 Σκυθῶν
968 1058 1061 1142 δρημί
1082 1103 1090 1121 .

254 1139 609 1226 Πρδςτδνεδπράσσοντα
617 1147 731 1229 τοῖχον.
754 1140 974 1226 Οὐδ’έλείφδη
986 1142 1155 1227 πυρφόρος.

253 1224 315 1290 Πτω
339 1228 473 1298 αλαζών.
489 1222 578 1290 Ἐστι
596 1229 649 1290 καὶ
671 1233 755 1312 σιγῆς
775 1226 935 1290 ἀκίνδυνον
955 1225 1057 1311 γέρας.

253 1249 396 1396 Πυββίχην
420 1310 536 1395 βλέπει.
561 1309 697 1395 Πίίληκος
720 1313 885 1379 ἀνάπλεως
907 1310 1088 1395 ψιμμυβίου.

274 1397 423 1479 ιφνιάζεινζ
438 1389 558 1502 Ὥσπερ
582 1396 762 1482 εὐπάρυφος
781 1396 816 1459 ἐκ
838 1395 1012 1500 κωμιρδίας.

251 1476 482 1564 Στρεψίμαλλος.
509 1478 554 1545 Ου
577 1479 634 1564 γὰρ
658 1481 758 1550 οὕτως
780 1479 856 1544 οὐδὲ
879 1501 1022 1561 κεισομαι
1040 1479 1154 1542 πασῶν.

251 1559 338 1626 Σῶκον
358 1565 461 1633 αἰτεῖς.
483 1560 537 1634 Ei<
557 1562 646 1628 Θεῶν
667 1566 724 1628 ὦτ’
741 1566 849 1651 ἦλθεν.
868 1563 1028 1646 Ἀδμήτου
1050 1562 1153 1647 μέλος.

251 1641 440 1732 Συκοφάντης
459 1645 538 1718 Χῖος
560 1649 738 1716 ἀποπατῶν.
759 1647 874 1717 Ῥάκυς
895 1646 1091 1732 πολυσχιδές.

252 1726 400 1796 Ταντάλου
424 1734 568 1797 τάλαντα.
588 1730 772 1818 Κωρυκαῖος
793 1733 973 1816 ίκροάζετο.

252 1809 303 1878 Τδν
325 1815 458 1880 δέλοντα
479 1818 553 1902 βοῶν
576 1815 699 1882 ἔλαυνε.
723 1815 766 1884 Τδ
788 1778 986 1886 (διλοίένειον
1007 1813 1055 1879 ου’.

252 1892 311 1964 Τῶν
328 1907 418 1984 τριῶν
441 1905 543 1966 κακῶν
565 1902 607 1966 ἕν.
626 1901 669 1965 ‘A
692 1905 797 1971 κισσδς
818 1900 883 1986 μετ’
907 1899 1121 1984 Ἀνδεστήρια

242 1977 292 2045 Ὗν
312 1985 414 2068 ὀρίνει.
441 1985 581 2050 Φωκέων
600 1985 740 2052 ἀπόνοια.
765 1985 904 2071 Κοχλίου
929 1984 1002 2071 βίος.

248 2066 369 2138 Φειδίας
393 2075 547 2154 προσῆκεν
573 2071 690 2154 εἰρήνη.
715 2069 828 2136 Κακῶν
851 2070 1003 2154 τρικυμία.

243 2149 292 2220 Ὡς
315 2153 375 2218 άπδ
402 2159 537 2222 σκοπιᾶς.
562 2153 692 2239 Ἀμύνει
721 2155 747 2218 δ’
776 2160 817 2223 ῶς
840 2153 951 2229 ἔοικεν,
972 2155 991 2237 ἡ
1012 2154 1104 2236 πάγη.

243 2233 292 2308 Ὡς
314 2235 381 2322 ἔχει
402 2239 507 2302 ποδῶν
531 2237 668 2308 ἕκαστος.
693 2239 905 2322 Πειθανάγκην
928 2235 1112 2322 προστιθεῖς.

237 2315 351 2407 Ὥσπερ
374 2319 520 2409 Ἰβόκειος
540 2324 639 2392 ἵππος.
666 2323 825 2411 Ἡρακλῆς
847 2324 1002 2397 ξενίζεται.

534 2410 697 2494 παροιμίαι
718 2409 853 2494 φυσικαί.

240 2488 436 2577 Ἀρχομένου
462 2492 496 2555 δὲ
517 2492 607 2557 νότου
630 2496 680 2557 καὶ
703 2496 852 2578 λήγοντος
877 2492 1001 2579 βορέαο.

237 2574 439 2661 Ἀρχομένων
465 2578 576 2641 σικύων
597 2580 648 2641 καὶ
670 2580 832 2663 ληγουσῶν
857 2580 1059 2641 κολοκυντῶν,

240 2657 295 2743 Είη
343 2660 371 2723 οὶ
394 2660 431 2723 τὰ
457 2662 566 2743 μεταξὺ
588 2660 743 2746 Κορίνθου
765 2664 816 2726 καὶ
836 2660 999 2728 Σικυῶνος.

237 2742 287 2809 Ἐν
306 2684 452 2828 λίσρόδου
476 2748 562 2831 κοίτη
589 2749 695 2829 σκολιὴ
720 2746 887 2830 κέκρυπται
911 2744 1068 2827 ἄγρωστις,

239 2826 358 2913 Μηκέτι
379 2831 486 2898 νυκτὸς
509 2831 582 2912 ὕειν,
602 2829 624 2917 η
643 2854 693 2895 κεν
717 2830 800 2893 τέκοι
826 2828 976 2913 ἀγροτέρη
1002 2833 1063 2896 σῶς.

239 2912 358 2996 Μένδην
384 2913 414 2975 ἐν
433 2915 512 2979 πολέ
538 2941 563 3001 ῳ
585 2918 654 3003 μήτ’
675 2914 772 2991 ἔσθιε,
795 2916 870 2999 μήτε
894 2913 1018 2997 φότευε.

239 2995 423 3081 Νυκτερινδς
446 3000 558 3084 βορεας
580 3003 677 3086 τρίτον
703 2998 817 3063 οὔποτε
838 2998 951 3083 φέγγος
971 2996 1058 3080 ἄητο.

239 3080 363 3166 Μήποτ’
386 3081 438 3145 ἀπ’
463 3085 591 3169 ἠπείρου
617 3086 721 3169 δείσης
742 3083 845 3167 νέφος,
867 3087 910 3151 ῶς
931 3082 991 3145 ἀπὸ
1013 3080 1126 3147 πόντου

240 3165 414 3251 Χειμῶνος.
438 3167 548 3254 δέρεος
571 3171 605 3233 δὲ
629 3170 680 3233 ἀπ’
704 3169 845 3254 ἠπείροιο
871 3165 1026 3250 μελαίνης.

239 3255 296 3339 Λὶψ
320 3249 433 3336 ἄνεμος
455 3254 532 3339 ταχὺ
555 3255 592 3338 δὴ
616 3254 759 3339 νεφέλας,
783 3250 861 3337 ταχὺ
886 3251 917 3312 δ’
937 3248 1043 3333 αίδρια
1061 3255 1154 3315 ποιεῖ.

323 3333 476 3421 Ἀργέστη
501 3338 533 3401 δ’
559 3338 665 3424 ἀνέμῳ
688 3338 764 3401 πᾶσ’
790 3336 896 3399 έπεται
918 3333 1043 3419 νεφέλη.

322 3457 424 3469 -—-
449 3426 535 3507 φιλεῖ
554 3424 588 3486 δὲ
608 3422 697 3491 νότος
721 3421 796 3505 μετὰ
817 3420 948 3505 πάχνην.

315 3502 460 3571 ’Άιιαντα
482 3512 562 3592 γηρᾷ
581 3507 691 3583 τᾶλλα,
713 3507 793 3589 πλὴν
818 3504 914 3580 οἴνου,
937 3501 1051 3588 χρόνῳ.

582 3592 589 3618 ’
625 3616 645 3653 π
744 3598 797 3653 ῶν.

235 3668 350 3759 Ἄργος
372 3672 502 3759 ἄνυδρον
526 3677 577 3741 ἐδν
602 3615 838 3741 Δανααὶνθέσαν
857 3673 972 3757 Ἄργος
991 3670 1128 3819 ἔνυδρον.

240 3751 290 3827 Εἰς
312 3757 439 3822 Σκῶλον
461 3760 649 3843 μητάὐτδς
672 3758 751 3842 ἰ’μεν,
776 3758 846 3841 μήτ’
873 3758 959 3841 άλλιρ
982 3756 1057 3819 έπεσ
1081 3780 1121 3819 αι.

239 3836 286 3905 Ἐν
313 3842 348 3904 δὲ
370 3840 467 3927 Πάριρ
493 3847 611 3930 ψυχρὸν
636 3843 689 3928 μὲν
714 3844 811 3927 ὕδωρ,
832 3843 926 3991 καλριη
948 3840 982 3903 δὲ
1004 3844 1155 3925 γυναῖκες.
