<?xml version="1.0" encoding="UTF-8"?>
<!DOCTYPE html PUBLIC "-//W3C//DTD XHTML 1.0 Transitional//EN"
    "http://www.w3.org/TR/xhtml1/DTD/xhtml1-transitional.dtd">
<html xmlns="http://www.w3.org/1999/xhtml" xml:lang="en" lang="en">
 <head>
  <title>
</title>
<meta http-equiv="Content-Type" content="text/html;charset=utf-8" />
  <meta name='ocr-system' content='tesseract 3.04.00' />
  <meta name='ocr-capabilities' content='ocr_page ocr_carea ocr_par ocr_line ocrx_word'/>
</head>
<body>
  <div class='ocr_page' id='page_1' title='image "./iosephiscaliger00scalgoog_0110.png"; bbox 0 0 3000 4725; ppageno 0'>
   <div class='ocr_carea' id='block_1_1' title="bbox 736 609 886 706">
    <p class='ocr_par' dir='ltr' id='par_1_1' title="bbox 736 609 886 706">
     <span class='ocr_line' id='line_1_1' title="bbox 736 609 886 706; baseline 0 -38"><span class='ocrx_word' id='word_1_1' title='bbox 736 609 886 706; x_wconf 45' lang='lat' dir='ltr'><strong>*ffli—</strong></span> 
     </span>
    </p>
   </div>
   <div class='ocr_carea' id='block_1_2' title="bbox 301 779 1261 2044">
    <p class='ocr_par' dir='ltr' id='par_1_2' title="bbox 301 779 1261 2044">
     <span class='ocr_line' id='line_1_2' title="bbox 482 779 1117 839; baseline 0.002 -2"><span class='ocrx_word' id='word_1_2' title='bbox 482 809 486 824; x_wconf 90' lang='lat'>·</span> <span class='ocrx_word' id='word_1_3' title='bbox 515 780 563 838; x_wconf 83' lang='lat'><strong>16.</strong></span> <span class='ocrx_word' id='word_1_4' title='bbox 606 780 645 838; x_wconf 85' lang='lat' dir='ltr'><strong>In</strong></span> <span class='ocrx_word' id='word_1_5' title='bbox 670 781 778 838; x_wconf 79' lang='lat' dir='ltr'><strong>obitum</strong></span> <span class='ocrx_word' id='word_1_6' title='bbox 798 779 900 839; x_wconf 72' lang='lat' dir='ltr'><strong>Lissas</strong></span> <span class='ocrx_word' id='word_1_7' title='bbox 921 779 1060 839; x_wconf 76' lang='lat' dir='ltr'><strong>Troicatis&#39;</strong></span> <span class='ocrx_word' id='word_1_8' title='bbox 1077 782 1117 838; x_wconf 84' lang='lat' dir='ltr'><strong>F.</strong></span> 
     </span>
     <span class='ocr_line' id='line_1_3' title="bbox 353 861 1204 942; baseline 0.001 -20"><span class='ocrx_word' id='word_1_9' title='bbox 353 864 520 942; x_wconf 67' lang='lat' dir='ltr'><strong>Postquam</strong></span> <span class='ocrx_word' id='word_1_10' title='bbox 538 871 584 922; x_wconf 78' lang='lat' dir='ltr'><strong>tot</strong></span> <span class='ocrx_word' id='word_1_11' title='bbox 606 861 719 924; x_wconf 76' lang='lat' dir='ltr'>Christi</span> <span class='ocrx_word' id='word_1_12' title='bbox 738 864 881 936; x_wconf 82' lang='lat' dir='ltr'><strong>famulos,</strong></span> <span class='ocrx_word' id='word_1_13' title='bbox 903 872 946 922; x_wconf 83' lang='lat' dir='ltr'><strong>tot</strong></span> <span class='ocrx_word' id='word_1_14' title='bbox 964 863 1080 926; x_wconf 81' lang='lat' dir='ltr'><strong>lumino</strong></span> <span class='ocrx_word' id='word_1_15' title='bbox 1101 865 1204 924; x_wconf 83' lang='lat' dir='ltr'><strong>mnndi</strong></span> 
     </span>
     <span class='ocr_line' id='line_1_4' title="bbox 395 948 1053 1021; baseline 0 -13"><span class='ocrx_word' id='word_1_16' title='bbox 395 949 565 1008; x_wconf 83' lang='lat' dir='ltr'>Funeribus</span> <span class='ocrx_word' id='word_1_17' title='bbox 588 949 692 1008; x_wconf 88' lang='lat' dir='ltr'><strong>densis</strong></span> <span class='ocrx_word' id='word_1_18' title='bbox 715 950 822 1008; x_wconf 86' lang='lat' dir='ltr'><strong>mersit</strong></span> <span class='ocrx_word' id='word_1_19' title='bbox 843 951 954 1008; x_wconf 85' lang='lat' dir='ltr'><strong>ecerhs</strong></span> <span class='ocrx_word' id='word_1_20' title='bbox 976 948 1053 1021; x_wconf 80' lang='lat' dir='ltr'><strong>dies,</strong></span> 
     </span>
     <span class='ocr_line' id='line_1_5' title="bbox 354 1032 1123 1108; baseline -0.001 -15"><span class='ocrx_word' id='word_1_21' title='bbox 354 1034 400 1093; x_wconf 80' lang='lat' dir='ltr'><strong>Te</strong></span> <span class='ocrx_word' id='word_1_22' title='bbox 422 1051 542 1108; x_wconf 89' lang='lat' dir='ltr'><strong>quoque</strong></span> <span class='ocrx_word' id='word_1_23' title='bbox 562 1032 706 1107; x_wconf 80' lang='lat' dir='ltr'><strong>Trslcati‚</strong></span> <span class='ocrx_word' id='word_1_24' title='bbox 728 1034 830 1092; x_wconf 84' lang='lat' dir='ltr'><strong>medis</strong></span> <span class='ocrx_word' id='word_1_25' title='bbox 848 1035 979 1093; x_wconf 83' lang='lat' dir='ltr'><strong>florente</strong></span> <span class='ocrx_word' id='word_1_26' title='bbox 996 1035 1123 1092; x_wconf 80' lang='lat' dir='ltr'><strong>iuventa</strong></span> 
     </span>
     <span class='ocr_line' id='line_1_6' title="bbox 395 1119 1145 1191; baseline 0.001 -14"><span class='ocrx_word' id='word_1_27' title='bbox 395 1120 481 1177; x_wconf 91' lang='lat' dir='ltr'><strong>Mors</strong></span> <span class='ocrx_word' id='word_1_28' title='bbox 500 1119 640 1176; x_wconf 84' lang='lat' dir='ltr'><strong>comitem</strong></span> <span class='ocrx_word' id='word_1_29' title='bbox 662 1119 756 1178; x_wconf 84' lang='lat' dir='ltr'><strong>tontis</strong></span> <span class='ocrx_word' id='word_1_30' title='bbox 779 1119 896 1177; x_wconf 74' lang='lat' dir='ltr'><strong>addidit</strong></span> <span class='ocrx_word' id='word_1_31' title='bbox 917 1127 983 1178; x_wconf 81' lang='lat' dir='ltr'><strong>stru</strong></span> <span class='ocrx_word' id='word_1_32' title='bbox 1004 1119 1089 1191; x_wconf 79' lang='lat' dir='ltr'><strong>viris,</strong></span> <span class='ocrx_word' id='word_1_33' title='bbox 1142 1161 1145 1166; x_wconf 91' lang='lat'>-</span> 
     </span>
     <span class='ocr_line' id='line_1_7' title="bbox 352 1203 1090 1280; baseline -0.003 -16"><span class='ocrx_word' id='word_1_34' title='bbox 352 1204 395 1264; x_wconf 88' lang='lat' dir='ltr'><strong>Ut</strong></span> <span class='ocrx_word' id='word_1_35' title='bbox 415 1203 499 1280; x_wconf 93' lang='lat' dir='ltr'><strong>pullo</strong></span> <span class='ocrx_word' id='word_1_36' title='bbox 521 1203 677 1278; x_wconf 75' lang='lat' dir='ltr'>squallens</span> <span class='ocrx_word' id='word_1_37' title='bbox 700 1204 842 1262; x_wconf 75' lang='lat' dir='ltr'><strong>Ecclesia</strong></span> <span class='ocrx_word' id='word_1_38' title='bbox 860 1205 947 1262; x_wconf 84' lang='lat' dir='ltr'><strong>fleret</strong></span> <span class='ocrx_word' id='word_1_39' title='bbox 969 1204 1090 1276; x_wconf 74' lang='lat' dir='ltr'><strong>amictu,</strong></span> 
     </span>
     <span class='ocr_line' id='line_1_8' title="bbox 395 1288 1010 1347; baseline -0.002 0"><span class='ocrx_word' id='word_1_40' title='bbox 395 1289 498 1347; x_wconf 83' lang='lat' dir='ltr'><strong>Fleret</strong></span> <span class='ocrx_word' id='word_1_41' title='bbox 516 1289 668 1347; x_wconf 73' lang='lat' dir='ltr'><strong>Athenaei</strong></span> <span class='ocrx_word' id='word_1_42' title='bbox 690 1297 774 1346; x_wconf 85' lang='lat' dir='ltr'><strong>muta</strong></span> <span class='ocrx_word' id='word_1_43' title='bbox 795 1288 939 1346; x_wconf 76' lang='lat' dir='ltr'><strong>cathedra</strong></span> <span class='ocrx_word' id='word_1_44' title='bbox 958 1289 1010 1346; x_wconf 88' lang='lat' dir='ltr'><strong>tui.</strong></span> 
     </span>
     <span class='ocr_line' id='line_1_9' title="bbox 354 1373 1142 1452; baseline 0 -20"><span class='ocrx_word' id='word_1_45' title='bbox 354 1373 441 1432; x_wconf 84' lang='lat' dir='ltr'><strong>Hsec</strong></span> <span class='ocrx_word' id='word_1_46' title='bbox 464 1381 493 1434; x_wconf 86' lang='lat' dir='ltr'><strong>ts</strong></span> <span class='ocrx_word' id='word_1_47' title='bbox 518 1382 685 1448; x_wconf 78' lang='lat' dir='ltr'><strong>pastorem,</strong></span> <span class='ocrx_word' id='word_1_48' title='bbox 709 1373 864 1432; x_wconf 83' lang='lat' dir='ltr'><strong>desiderat</strong></span> <span class='ocrx_word' id='word_1_49' title='bbox 881 1373 936 1430; x_wconf 89' lang='lat' dir='ltr'><strong>ills</strong></span> <span class='ocrx_word' id='word_1_50' title='bbox 953 1374 1142 1452; x_wconf 65' lang='lat' dir='ltr'><strong>magistrum.</strong></span> 
     </span>
     <span class='ocr_line' id='line_1_10' title="bbox 396 1458 1107 1533; baseline -0.003 -15"><span class='ocrx_word' id='word_1_51' title='bbox 396 1459 531 1533; x_wconf 78' lang='lat' dir='ltr'><strong>Utroque</strong></span> <span class='ocrx_word' id='word_1_52' title='bbox 555 1459 606 1518; x_wconf 77' lang='lat' dir='ltr'><strong>dat</strong></span> <span class='ocrx_word' id='word_1_53' title='bbox 626 1458 769 1517; x_wconf 75' lang='lat' dir='ltr'><strong>lacrimas</strong></span> <span class='ocrx_word' id='word_1_54' title='bbox 790 1459 867 1517; x_wconf 85' lang='lat' dir='ltr'><strong>orbs</strong></span> <span class='ocrx_word' id='word_1_55' title='bbox 890 1467 1107 1533; x_wconf 69' lang='lat' dir='ltr'><strong>porentesuo.</strong></span> 
     </span>
     <span class='ocr_line' id='line_1_11' title="bbox 301 1542 1165 1620; baseline 0 -19"><span class='ocrx_word' id='word_1_56' title='bbox 301 1561 306 1568; x_wconf 91' lang='lat'>·</span> <span class='ocrx_word' id='word_1_57' title='bbox 353 1544 457 1602; x_wconf 87' lang='lat' dir='ltr'><strong>Iustus</strong></span> <span class='ocrx_word' id='word_1_58' title='bbox 480 1544 598 1617; x_wconf 87' lang='lat' dir='ltr'><strong>utrique</strong></span> <span class='ocrx_word' id='word_1_59' title='bbox 621 1542 719 1601; x_wconf 87' lang='lat' dir='ltr'><strong>dolor.</strong></span> <span class='ocrx_word' id='word_1_60' title='bbox 740 1544 1019 1620; x_wconf 80' lang='lat' dir='ltr'><strong>topartebesiior</strong></span> <span class='ocrx_word' id='word_1_61' title='bbox 1039 1543 1165 1614; x_wconf 75' lang='lat' dir='ltr'><strong>istaes,</strong></span> 
     </span>
     <span class='ocr_line' id='line_1_12' title="bbox 397 1627 1064 1704; baseline -0.001 -17"><span class='ocrx_word' id='word_1_62' title='bbox 397 1627 485 1702; x_wconf 81' lang='lat' dir='ltr'><strong>Quod</strong></span> <span class='ocrx_word' id='word_1_63' title='bbox 509 1628 565 1686; x_wconf 81' lang='lat' dir='ltr'><strong>tali</strong></span> <span class='ocrx_word' id='word_1_64' title='bbox 588 1628 685 1703; x_wconf 88' lang='lat' dir='ltr'><strong>potius</strong></span> <span class='ocrx_word' id='word_1_65' title='bbox 702 1636 842 1704; x_wconf 82' lang='lat' dir='ltr'><strong>tempore</strong></span> <span class='ocrx_word' id='word_1_66' title='bbox 862 1636 970 1704; x_wconf 83' lang='lat' dir='ltr'><strong>rsptus</strong></span> <span class='ocrx_word' id='word_1_67' title='bbox 986 1627 1064 1699; x_wconf 67' lang='lat' dir='ltr'><strong>obis,</strong></span> 
     </span>
     <span class='ocr_line' id='line_1_13' title="bbox 354 1711 1261 1788; baseline -0.003 -18"><span class='ocrx_word' id='word_1_68' title='bbox 354 1711 420 1786; x_wconf 81' lang='lat' dir='ltr'><strong>Quo</strong></span> <span class='ocrx_word' id='word_1_69' title='bbox 439 1713 487 1772; x_wconf 88' lang='lat' dir='ltr'><strong>fss</strong></span> <span class='ocrx_word' id='word_1_70' title='bbox 508 1731 596 1771; x_wconf 90' lang='lat' dir='ltr'><strong>omne</strong></span> <span class='ocrx_word' id='word_1_71' title='bbox 609 1713 697 1788; x_wconf 79' lang='lat' dir='ltr'><strong>perit,</strong></span> <span class='ocrx_word' id='word_1_72' title='bbox 716 1730 776 1786; x_wconf 90' lang='lat' dir='ltr'><strong>quo</strong></span> <span class='ocrx_word' id='word_1_73' title='bbox 797 1731 859 1772; x_wconf 90' lang='lat' dir='ltr'><strong>non</strong></span> <span class='ocrx_word' id='word_1_74' title='bbox 876 1713 1057 1772; x_wconf 86' lang='lat' dir='ltr'><strong>smorullus</strong></span> <span class='ocrx_word' id='word_1_75' title='bbox 1072 1713 1261 1781; x_wconf 76' lang='lat' dir='ltr'><strong>honestiust,</strong></span> 
     </span>
     <span class='ocr_line' id='line_1_14' title="bbox 395 1796 1078 1874; baseline -0.003 -18"><span class='ocrx_word' id='word_1_76' title='bbox 395 1796 531 1872; x_wconf 81' lang='lat' dir='ltr'><strong>Cumque</strong></span> <span class='ocrx_word' id='word_1_77' title='bbox 554 1816 610 1856; x_wconf 82' lang='lat' dir='ltr'><strong>sus</strong></span> <span class='ocrx_word' id='word_1_78' title='bbox 628 1798 724 1856; x_wconf 87' lang='lat' dir='ltr'><strong>iustos</strong></span> <span class='ocrx_word' id='word_1_79' title='bbox 747 1816 827 1856; x_wconf 88' lang='lat' dir='ltr'><strong>mors</strong></span> <span class='ocrx_word' id='word_1_80' title='bbox 851 1798 965 1874; x_wconf 73' lang='lat' dir='ltr'><strong>pietate</strong></span> <span class='ocrx_word' id='word_1_81' title='bbox 983 1797 1078 1855; x_wconf 68' lang='lat' dir='ltr'><strong>metii</strong></span> 
     </span>
     <span class='ocr_line' id='line_1_15' title="bbox 353 1881 1180 1956; baseline -0.002 -15"><span class='ocrx_word' id='word_1_82' title='bbox 353 1881 517 1956; x_wconf 81' lang='lat' dir='ltr'><strong>Quodnisi</strong></span> <span class='ocrx_word' id='word_1_83' title='bbox 540 1883 668 1942; x_wconf 81' lang='lat' dir='ltr'><strong>sublatis</strong></span> <span class='ocrx_word' id='word_1_84' title='bbox 690 1882 780 1940; x_wconf 86' lang='lat' dir='ltr'><strong>iustis</strong></span> <span class='ocrx_word' id='word_1_85' title='bbox 803 1890 833 1940; x_wconf 82' lang='lat' dir='ltr'><strong>te</strong></span> <span class='ocrx_word' id='word_1_86' title='bbox 853 1883 917 1940; x_wconf 84' lang='lat' dir='ltr'><strong>fotu</strong></span> <span class='ocrx_word' id='word_1_87' title='bbox 938 1883 1092 1954; x_wconf 81' lang='lat' dir='ltr'><strong>tulissent,</strong></span> <span class='ocrx_word' id='word_1_88' title='bbox 1177 1926 1180 1939; x_wconf 84' lang='grc'><em>,</em></span> 
     </span>
     <span class='ocr_line' id='line_1_16' title="bbox 396 1966 1182 2044; baseline -0.001 -19"><span class='ocrx_word' id='word_1_89' title='bbox 396 1966 532 2044; x_wconf 84' lang='lat' dir='ltr'><strong>Tempus</strong></span> <span class='ocrx_word' id='word_1_90' title='bbox 556 1976 621 2025; x_wconf 79' lang='lat' dir='ltr'><strong>crat</strong></span> <span class='ocrx_word' id='word_1_91' title='bbox 639 1967 737 2027; x_wconf 85' lang='lat' dir='ltr'><strong>iustos</strong></span> <span class='ocrx_word' id='word_1_92' title='bbox 758 1975 789 2024; x_wconf 87' lang='lat' dir='ltr'><strong>te</strong></span> <span class='ocrx_word' id='word_1_93' title='bbox 808 1968 957 2037; x_wconf 84' lang='lat' dir='ltr'><strong>moriente</strong></span> <span class='ocrx_word' id='word_1_94' title='bbox 977 1967 1064 2026; x_wconf 88' lang='lat' dir='ltr'><strong>mori.</strong></span> <span class='ocrx_word' id='word_1_95' title='bbox 1177 2011 1182 2016; x_wconf 49' lang='lat'>&gt;</span> 
     </span>
    </p>
   </div>
   <div class='ocr_carea' id='block_1_3' title="bbox 353 2135 1316 3143">
    <p class='ocr_par' dir='ltr' id='par_1_3' title="bbox 353 2135 1316 3143">
     <span class='ocr_line' id='line_1_17' title="bbox 472 2135 1159 2212; baseline 0 -19"><span class='ocrx_word' id='word_1_96' title='bbox 472 2135 519 2194; x_wconf 80' lang='lat'><strong>17.</strong></span> <span class='ocrx_word' id='word_1_97' title='bbox 563 2139 601 2194; x_wconf 82' lang='lat' dir='ltr'><strong>In</strong></span> <span class='ocrx_word' id='word_1_98' title='bbox 623 2137 762 2194; x_wconf 81' lang='lat' dir='ltr'><strong>tumulum</strong></span> <span class='ocrx_word' id='word_1_99' title='bbox 782 2139 992 2212; x_wconf 70' lang='lat' dir='ltr'><strong>qenerosissimi</strong></span> <span class='ocrx_word' id='word_1_100' title='bbox 1012 2137 1159 2195; x_wconf 82' lang='lat' dir='ltr'><strong>Asseraci.</strong></span> 
     </span>
     <span class='ocr_line' id='line_1_18' title="bbox 712 2230 908 2281; baseline 0.01 -2"><span class='ocrx_word' id='word_1_101' title='bbox 712 2230 788 2280; x_wconf 86' lang='lat' dir='ltr'><strong>Uxor</strong></span> <span class='ocrx_word' id='word_1_102' title='bbox 806 2233 908 2281; x_wconf 78' lang='lat' dir='ltr'><strong>morito.</strong></span> 
     </span>
     <span class='ocr_line' id='line_1_19' title="bbox 354 2298 1154 2379; baseline -0.001 -21"><span class='ocrx_word' id='word_1_103' title='bbox 354 2298 424 2358; x_wconf 93' lang='lat' dir='ltr'><strong>Hoc</strong></span> <span class='ocrx_word' id='word_1_104' title='bbox 447 2320 504 2379; x_wconf 86' lang='lat' dir='ltr'><strong>ego</strong></span> <span class='ocrx_word' id='word_1_105' title='bbox 527 2309 557 2358; x_wconf 82' lang='lat' dir='ltr'><strong>te</strong></span> <span class='ocrx_word' id='word_1_106' title='bbox 580 2301 700 2361; x_wconf 86' lang='lat' dir='ltr'><strong>modico</strong></span> <span class='ocrx_word' id='word_1_107' title='bbox 725 2303 839 2361; x_wconf 84' lang='lat' dir='ltr'><strong>coniux</strong></span> <span class='ocrx_word' id='word_1_108' title='bbox 860 2311 913 2362; x_wconf 87' lang='lat' dir='ltr'><strong>tus</strong></span> <span class='ocrx_word' id='word_1_109' title='bbox 932 2301 993 2362; x_wconf 81' lang='lat' dir='ltr'><strong>fids</strong></span> <span class='ocrx_word' id='word_1_110' title='bbox 1011 2300 1154 2379; x_wconf 81' lang='lat' dir='ltr'><strong>sepulcro</strong></span> 
     </span>
     <span class='ocr_line' id='line_1_20' title="bbox 398 2386 1149 2463; baseline -0.005 -16"><span class='ocrx_word' id='word_1_111' title='bbox 398 2386 566 2463; x_wconf 86' lang='lat' dir='ltr'><strong>Composui</strong></span> <span class='ocrx_word' id='word_1_112' title='bbox 587 2390 759 2447; x_wconf 85' lang='lat' dir='ltr'><strong>Asserscas</strong></span> <span class='ocrx_word' id='word_1_113' title='bbox 781 2388 840 2447; x_wconf 86' lang='lat' dir='ltr'><strong>flos</strong></span> <span class='ocrx_word' id='word_1_114' title='bbox 862 2397 893 2446; x_wconf 90' lang='lat' dir='ltr'><strong>et</strong></span> <span class='ocrx_word' id='word_1_115' title='bbox 915 2388 1012 2448; x_wconf 85' lang='lat' dir='ltr'><strong>ocelle</strong></span> <span class='ocrx_word' id='word_1_116' title='bbox 1032 2387 1149 2447; x_wconf 89' lang='lat' dir='ltr'><strong>domus.</strong></span> 
     </span>
     <span class='ocr_line' id='line_1_21' title="bbox 353 2470 1316 2549; baseline -0.002 -18"><span class='ocrx_word' id='word_1_117' title='bbox 353 2470 420 2531; x_wconf 85' lang='lat' dir='ltr'><strong>Nec</strong></span> <span class='ocrx_word' id='word_1_118' title='bbox 441 2479 570 2545; x_wconf 68' lang='lat' dir='ltr'><strong>tentum,</strong></span> <span class='ocrx_word' id='word_1_119' title='bbox 592 2491 660 2529; x_wconf 85' lang='lat' dir='ltr'><strong>mes</strong></span> <span class='ocrx_word' id='word_1_120' title='bbox 683 2491 766 2545; x_wconf 84' lang='lat' dir='ltr'><strong>curs,</strong></span> <span class='ocrx_word' id='word_1_121' title='bbox 786 2481 856 2532; x_wconf 83' lang='lat' dir='ltr'><strong>tuos</strong></span> <span class='ocrx_word' id='word_1_122' title='bbox 877 2473 1086 2549; x_wconf 87' lang='lat' dir='ltr'><strong>componimus</strong></span> <span class='ocrx_word' id='word_1_123' title='bbox 1107 2479 1206 2530; x_wconf 81' lang='lat' dir='ltr'><strong>ortus:</strong></span> <span class='ocrx_word' id='word_1_124' title='bbox 1315 2515 1316 2518; x_wconf 16' lang='grc' dir='ltr'>η</span> 
     </span>
     <span class='ocr_line' id='line_1_22' title="bbox 397 2543 1316 2635; baseline -0.002 -20"><span class='ocrx_word' id='word_1_125' title='bbox 397 2557 479 2615; x_wconf 80' lang='lat' dir='ltr'><strong>Tota</strong></span> <span class='ocrx_word' id='word_1_126' title='bbox 498 2556 530 2615; x_wconf 90' lang='lat' dir='ltr'><strong>in</strong></span> <span class='ocrx_word' id='word_1_127' title='bbox 550 2566 648 2618; x_wconf 74' lang='lat' dir='ltr'><strong>morte</strong></span> <span class='ocrx_word' id='word_1_128' title='bbox 668 2565 721 2615; x_wconf 84' lang='lat' dir='ltr'><strong>tus</strong></span> <span class='ocrx_word' id='word_1_129' title='bbox 745 2557 810 2616; x_wconf 82' lang='lat' dir='ltr'><strong>vito</strong></span> <span class='ocrx_word' id='word_1_130' title='bbox 830 2559 950 2635; x_wconf 82' lang='lat' dir='ltr'><strong>sepulto</strong></span> <span class='ocrx_word' id='word_1_131' title='bbox 968 2576 1038 2615; x_wconf 85' lang='lat' dir='ltr'><strong>mes</strong></span> <span class='ocrx_word' id='word_1_132' title='bbox 1059 2564 1116 2615; x_wconf 82' lang='lat' dir='ltr'><strong>est.</strong></span> <span class='ocrx_word' id='word_1_133' title='bbox 1315 2543 1316 2560; x_wconf 50' lang='lat'>¹</span> 
     </span>
     <span class='ocr_line' id='line_1_23' title="bbox 355 2629 1316 2724; baseline -0.005 -22"><span class='ocrx_word' id='word_1_134' title='bbox 355 2642 431 2702; x_wconf 82' lang='lat' dir='ltr'><strong>Cum</strong></span> <span class='ocrx_word' id='word_1_135' title='bbox 451 2660 546 2718; x_wconf 89' lang='lat' dir='ltr'><strong>prope</strong></span> <span class='ocrx_word' id='word_1_136' title='bbox 568 2640 740 2719; x_wconf 80' lang='lat' dir='ltr'><strong>depositam</strong></span> <span class='ocrx_word' id='word_1_137' title='bbox 763 2662 811 2700; x_wconf 90' lang='lat' dir='ltr'><strong>me</strong></span> <span class='ocrx_word' id='word_1_138' title='bbox 831 2644 951 2720; x_wconf 74' lang='lat' dir='ltr'><strong>ingrato</strong></span> <span class='ocrx_word' id='word_1_139' title='bbox 969 2642 1000 2701; x_wconf 91' lang='lat' dir='ltr'><strong>in</strong></span> <span class='ocrx_word' id='word_1_140' title='bbox 1021 2642 1089 2703; x_wconf 86' lang='lat' dir='ltr'><strong>luce</strong></span> <span class='ocrx_word' id='word_1_141' title='bbox 1100 2639 1259 2716; x_wconf 71' lang='lat' dir='ltr'><strong>relinquis,</strong></span> <span class='ocrx_word' id='word_1_142' title='bbox 1315 2629 1316 2724; x_wconf 55' lang='lat' dir='ltr'>J</span> 
     </span>
     <span class='ocr_line' id='line_1_24' title="bbox 397 2725 1316 2805; baseline -0.002 -20"><span class='ocrx_word' id='word_1_143' title='bbox 397 2725 472 2785; x_wconf 83' lang='lat' dir='ltr'><strong>Cum</strong></span> <span class='ocrx_word' id='word_1_144' title='bbox 492 2727 602 2801; x_wconf 80' lang='lat' dir='ltr'><strong>lucem,</strong></span> <span class='ocrx_word' id='word_1_145' title='bbox 626 2746 693 2785; x_wconf 89' lang='lat' dir='ltr'><strong>cum</strong></span> <span class='ocrx_word' id='word_1_146' title='bbox 716 2737 748 2785; x_wconf 91' lang='lat' dir='ltr'><strong>tu</strong></span> <span class='ocrx_word' id='word_1_147' title='bbox 765 2728 877 2805; x_wconf 76' lang='lat' dir='ltr'><strong>gaudie</strong></span> <span class='ocrx_word' id='word_1_148' title='bbox 896 2736 1003 2787; x_wconf 82' lang='lat' dir='ltr'><strong>nostra</strong></span> <span class='ocrx_word' id='word_1_149' title='bbox 1023 2726 1116 2802; x_wconf 81' lang='lat' dir='ltr'><strong>rupis.</strong></span> <span class='ocrx_word' id='word_1_150' title='bbox 1315 2729 1316 2732; x_wconf 74' lang='grc'>’</span> 
     </span>
     <span class='ocr_line' id='line_1_25' title="bbox 353 2810 1181 2889; baseline -0.005 -18"><span class='ocrx_word' id='word_1_151' title='bbox 353 2810 495 2888; x_wconf 74' lang='lat' dir='ltr'><strong>Namque</strong></span> <span class='ocrx_word' id='word_1_152' title='bbox 517 2812 590 2871; x_wconf 90' lang='lat' dir='ltr'><strong>mihi</strong></span> <span class='ocrx_word' id='word_1_153' title='bbox 612 2821 645 2870; x_wconf 83' lang='lat' dir='ltr'><strong>tu</strong></span> <span class='ocrx_word' id='word_1_154' title='bbox 665 2814 729 2885; x_wconf 83' lang='lat' dir='ltr'><strong>lux,</strong></span> <span class='ocrx_word' id='word_1_155' title='bbox 752 2820 784 2870; x_wconf 87' lang='lat' dir='ltr'><strong>tu</strong></span> <span class='ocrx_word' id='word_1_156' title='bbox 804 2814 916 2889; x_wconf 79' lang='lat' dir='ltr'><strong>gaudis</strong></span> <span class='ocrx_word' id='word_1_157' title='bbox 935 2820 1039 2872; x_wconf 75' lang='lat' dir='ltr'><strong>nostra</strong></span> <span class='ocrx_word' id='word_1_158' title='bbox 1061 2810 1157 2881; x_wconf 77' lang='lat' dir='ltr'><strong>fuisti,</strong></span> <span class='ocrx_word' id='word_1_159' title='bbox 1175 2823 1181 2833; x_wconf 84' lang='lat'><strong>·</strong></span> 
     </span>
     <span class='ocr_line' id='line_1_26' title="bbox 397 2896 1149 2970; baseline -0.005 -13"><span class='ocrx_word' id='word_1_160' title='bbox 397 2896 551 2970; x_wconf 72' lang='lat' dir='ltr'><strong>Genesin,</strong></span> <span class='ocrx_word' id='word_1_161' title='bbox 572 2918 589 2955; x_wconf 94' lang='lat' dir='ltr'><strong>o</strong></span> <span class='ocrx_word' id='word_1_162' title='bbox 614 2898 734 2958; x_wconf 78' lang='lat' dir='ltr'><strong>enimse</strong></span> <span class='ocrx_word' id='word_1_163' title='bbox 757 2898 893 2956; x_wconf 80' lang='lat' dir='ltr'><strong>maxime</strong></span> <span class='ocrx_word' id='word_1_164' title='bbox 910 2899 1033 2955; x_wconf 82' lang='lat' dir='ltr'><strong>flammo</strong></span> <span class='ocrx_word' id='word_1_165' title='bbox 1053 2914 1149 2957; x_wconf 76' lang='lat' dir='ltr'><strong>mese.</strong></span> 
     </span>
     <span class='ocr_line' id='line_1_27' title="bbox 353 2980 1316 3057; baseline -0.004 -16"><span class='ocrx_word' id='word_1_166' title='bbox 353 2982 444 3041; x_wconf 89' lang='lat' dir='ltr'><strong>Nunc</strong></span> <span class='ocrx_word' id='word_1_167' title='bbox 466 2983 522 3045; x_wconf 79' lang='lat' dir='ltr'><strong>sibi</strong></span> <span class='ocrx_word' id='word_1_168' title='bbox 544 3002 610 3042; x_wconf 90' lang='lat' dir='ltr'><strong>sum</strong></span> <span class='ocrx_word' id='word_1_169' title='bbox 629 2983 760 3057; x_wconf 82' lang='lat' dir='ltr'><strong>quidvis,</strong></span> <span class='ocrx_word' id='word_1_170' title='bbox 782 2983 832 3041; x_wconf 86' lang='lat' dir='ltr'><strong>vel</strong></span> <span class='ocrx_word' id='word_1_171' title='bbox 846 2983 874 3043; x_wconf 94' lang='lat' dir='ltr'><strong>si</strong></span> <span class='ocrx_word' id='word_1_172' title='bbox 895 2984 941 3043; x_wconf 87' lang='lat' dir='ltr'><strong>vis</strong></span> <span class='ocrx_word' id='word_1_173' title='bbox 964 3001 1031 3043; x_wconf 90' lang='lat' dir='ltr'><strong>sum</strong></span> <span class='ocrx_word' id='word_1_174' title='bbox 1054 2981 1109 3039; x_wconf 74' lang='lat' dir='ltr'><strong>tibi</strong></span> <span class='ocrx_word' id='word_1_175' title='bbox 1126 2980 1244 3049; x_wconf 84' lang='lat' dir='ltr'><strong>coniux,</strong></span> <span class='ocrx_word' id='word_1_176' title='bbox 1315 2999 1316 3048; x_wconf 75' lang='grc' dir='ltr'>ι</span> 
     </span>
     <span class='ocr_line' id='line_1_28' title="bbox 395 3065 1316 3143; baseline -0.002 -17"><span class='ocrx_word' id='word_1_177' title='bbox 395 3067 478 3129; x_wconf 89' lang='lat' dir='ltr'><strong>Dum</strong></span> <span class='ocrx_word' id='word_1_178' title='bbox 499 3068 589 3127; x_wconf 90' lang='lat' dir='ltr'><strong>modo</strong></span> <span class='ocrx_word' id='word_1_179' title='bbox 609 3077 644 3129; x_wconf 49' lang='lat' dir='ltr'><strong>¹tu</strong></span> <span class='ocrx_word' id='word_1_180' title='bbox 663 3067 736 3125; x_wconf 89' lang='lat' dir='ltr'><strong>mihi</strong></span> <span class='ocrx_word' id='word_1_181' title='bbox 761 3067 805 3128; x_wconf 87' lang='lat' dir='ltr'><strong>sis</strong></span> <span class='ocrx_word' id='word_1_182' title='bbox 824 3069 904 3143; x_wconf 85' lang='lat' dir='ltr'><strong>quod</strong></span> <span class='ocrx_word' id='word_1_183' title='bbox 924 3086 993 3125; x_wconf 83' lang='lat' dir='ltr'><strong>mes</strong></span> <span class='ocrx_word' id='word_1_184' title='bbox 1007 3067 1075 3125; x_wconf 61' lang='lat' dir='ltr'><strong>¹vitu</strong></span> <span class='ocrx_word' id='word_1_185' title='bbox 1095 3065 1170 3123; x_wconf 88' lang='lat' dir='ltr'><strong>mihi</strong></span> <span class='ocrx_word' id='word_1_186' title='bbox 1192 3071 1245 3124; x_wconf 77' lang='lat' dir='ltr'><strong>est.</strong></span> <span class='ocrx_word' id='word_1_187' title='bbox 1315 3079 1316 3102; x_wconf 49' lang='grc' dir='ltr'>ι</span> 
     </span>
    </p>
   </div>
   <div class='ocr_carea' id='block_1_4' title="bbox 346 3229 1261 3907">
    <p class='ocr_par' dir='ltr' id='par_1_4' title="bbox 346 3205 1316 3907">
     <span class='ocr_line' id='line_1_29' title="bbox 584 3229 1045 3318; baseline -0.003 -21"><span class='ocrx_word' id='word_1_188' title='bbox 584 3229 637 3301; x_wconf 82' lang='grc' dir='ltr'><strong>Εἰς</strong></span> <span class='ocrx_word' id='word_1_189' title='bbox 658 3235 707 3297; x_wconf 83' lang='grc' dir='ltr'><strong>τὸν</strong></span> <span class='ocrx_word' id='word_1_190' title='bbox 731 3233 823 3296; x_wconf 81' lang='grc' dir='ltr'>αὐτὸν</span> <span class='ocrx_word' id='word_1_191' title='bbox 840 3233 1045 3318; x_wconf 76' lang='grc' dir='ltr'>Ἀοσήρακον.</span> 
     </span>
     <span class='ocr_line' id='line_1_30' title="bbox 348 3312 1218 3402; baseline -0.001 -23"><span class='ocrx_word' id='word_1_192' title='bbox 348 3312 390 3379; x_wconf 76' lang='lat' dir='ltr'><strong>‘A</strong></span> <span class='ocrx_word' id='word_1_193' title='bbox 416 3314 446 3377; x_wconf 80' lang='grc' dir='ltr'><strong>δ’</strong></span> <span class='ocrx_word' id='word_1_194' title='bbox 472 3315 532 3395; x_wconf 76' lang='grc' dir='ltr'><strong>ἐγὼ</strong></span> <span class='ocrx_word' id='word_1_195' title='bbox 557 3318 722 3402; x_wconf 77' lang='grc' dir='ltr'>αἰνολεχὴς</span> <span class='ocrx_word' id='word_1_196' title='bbox 745 3317 827 3379; x_wconf 85' lang='grc' dir='ltr'><strong>ἁοὰ</strong></span> <span class='ocrx_word' id='word_1_197' title='bbox 845 3319 947 3402; x_wconf 82' lang='grc' dir='ltr'>δάμαρ</span> <span class='ocrx_word' id='word_1_198' title='bbox 971 3319 1035 3381; x_wconf 82' lang='grc' dir='ltr'><strong>ὦδε</strong></span> <span class='ocrx_word' id='word_1_199' title='bbox 1059 3315 1090 3379; x_wconf 74' lang='grc' dir='ltr'><strong>α’</strong></span> <span class='ocrx_word' id='word_1_200' title='bbox 1111 3314 1218 3400; x_wconf 75' lang='grc' dir='ltr'>ἔθαψα</span> 
     </span>
     <span class='ocr_line' id='line_1_31' title="bbox 389 3397 1168 3485; baseline -0.003 -22"><span class='ocrx_word' id='word_1_201' title='bbox 389 3397 431 3463; x_wconf 86' lang='grc' dir='ltr'>Ὢ</span> <span class='ocrx_word' id='word_1_202' title='bbox 452 3399 549 3467; x_wconf 79' lang='grc' dir='ltr'>θάλος</span> <span class='ocrx_word' id='word_1_203' title='bbox 571 3400 774 3485; x_wconf 82' lang='grc' dir='ltr'>Ἀαααροίκων</span> <span class='ocrx_word' id='word_1_204' title='bbox 798 3403 850 3465; x_wconf 81' lang='grc' dir='ltr'><strong>καὶ</strong></span> <span class='ocrx_word' id='word_1_205' title='bbox 870 3404 950 3481; x_wconf 82' lang='grc' dir='ltr'>φάος</span> <span class='ocrx_word' id='word_1_206' title='bbox 972 3402 1168 3484; x_wconf 76' lang='grc' dir='ltr'>εὐπατριδᾶν.</span> 
     </span>
     <span class='ocr_line' id='line_1_32' title="bbox 355 3480 1261 3569; baseline -0.003 -23"><span class='ocrx_word' id='word_1_207' title='bbox 355 3480 395 3546; x_wconf 91' lang='grc' dir='ltr'><strong>Κ’</strong></span> <span class='ocrx_word' id='word_1_208' title='bbox 411 3483 447 3545; x_wconf 85' lang='grc' dir='ltr'><strong>οὐ</strong></span> <span class='ocrx_word' id='word_1_209' title='bbox 464 3482 568 3566; x_wconf 77' lang='grc' dir='ltr'>μόνον,</span> <span class='ocrx_word' id='word_1_210' title='bbox 581 3485 639 3549; x_wconf 81' lang='grc' dir='ltr'><strong>ἁδὺ</strong></span> <span class='ocrx_word' id='word_1_211' title='bbox 654 3486 790 3569; x_wconf 79' lang='grc' dir='ltr'>μέλημα,</span> <span class='ocrx_word' id='word_1_212' title='bbox 806 3487 840 3549; x_wconf 87' lang='grc' dir='ltr'><strong>τὸ</strong></span> <span class='ocrx_word' id='word_1_213' title='bbox 854 3489 906 3550; x_wconf 80' lang='grc' dir='ltr'><strong>σὸν</strong></span> <span class='ocrx_word' id='word_1_214' title='bbox 922 3486 1018 3568; x_wconf 80' lang='grc' dir='ltr'>δέμας</span> <span class='ocrx_word' id='word_1_215' title='bbox 1032 3484 1137 3549; x_wconf 74' lang='grc' dir='ltr'><strong>ἐνθάδ’</strong></span> <span class='ocrx_word' id='word_1_216' title='bbox 1153 3482 1261 3567; x_wconf 75' lang='grc' dir='ltr'>ἔθαψα,</span> 
     </span>
     <span class='ocr_line' id='line_1_33' title="bbox 392 3566 1060 3655; baseline 0.009 -24"><span class='ocrx_word' id='word_1_217' title='bbox 392 3566 433 3631; x_wconf 84' lang='grc' dir='ltr'>Ἃ</span> <span class='ocrx_word' id='word_1_218' title='bbox 456 3566 513 3639; x_wconf 71' lang='lat' dir='ltr'><strong>coh</strong></span> <span class='ocrx_word' id='word_1_219' title='bbox 536 3568 566 3631; x_wconf 85' lang='grc' dir='ltr'><strong>ἐν</strong></span> <span class='ocrx_word' id='word_1_220' title='bbox 590 3576 628 3652; x_wconf 78' lang='grc' dir='ltr'><strong>τᾷ</strong></span> <span class='ocrx_word' id='word_1_221' title='bbox 646 3575 684 3653; x_wconf 75' lang='grc' dir='ltr'><strong>σᾷ</strong></span> <span class='ocrx_word' id='word_1_222' title='bbox 707 3576 777 3655; x_wconf 79' lang='grc' dir='ltr'><strong>κῆρι</strong></span> <span class='ocrx_word' id='word_1_223' title='bbox 800 3570 947 3634; x_wconf 76' lang='grc' dir='ltr'>κέκευθεν</span> <span class='ocrx_word' id='word_1_224' title='bbox 972 3572 1060 3654; x_wconf 80' lang='grc' dir='ltr'>ἐμοί..</span> 
     </span>
     <span class='ocr_line' id='line_1_34' title="bbox 346 3648 1175 3739; baseline 0.001 -23"><span class='ocrx_word' id='word_1_225' title='bbox 346 3648 407 3721; x_wconf 81' lang='grc' dir='ltr'><strong>Ὃς</strong></span> <span class='ocrx_word' id='word_1_226' title='bbox 423 3675 462 3735; x_wconf 79' lang='grc' dir='ltr'><strong>γα</strong></span> <span class='ocrx_word' id='word_1_227' title='bbox 485 3652 536 3713; x_wconf 83' lang='grc' dir='ltr'><strong>καὶ</strong></span> <span class='ocrx_word' id='word_1_228' title='bbox 555 3654 691 3736; x_wconf 78' lang='grc' dir='ltr'><strong>ἡμιθανῆ</strong></span> <span class='ocrx_word' id='word_1_229' title='bbox 716 3656 767 3724; x_wconf 77' lang='grc' dir='ltr'><strong>καὶ</strong></span> <span class='ocrx_word' id='word_1_230' title='bbox 788 3655 935 3739; x_wconf 79' lang='grc' dir='ltr'><strong>ἀηδόβιόν</strong></span> <span class='ocrx_word' id='word_1_231' title='bbox 959 3678 998 3738; x_wconf 83' lang='grc' dir='ltr'><strong>με</strong></span> <span class='ocrx_word' id='word_1_232' title='bbox 1017 3654 1175 3730; x_wconf 75' lang='grc' dir='ltr'>λέλοιπας,</span> 
     </span>
     <span class='ocr_line' id='line_1_35' title="bbox 389 3733 1173 3824; baseline -0.003 -23"><span class='ocrx_word' id='word_1_233' title='bbox 389 3733 450 3805; x_wconf 87' lang='grc' dir='ltr'><strong>Ὃς</strong></span> <span class='ocrx_word' id='word_1_234' title='bbox 468 3738 501 3799; x_wconf 80' lang='grc' dir='ltr'><strong>τὸ</strong></span> <span class='ocrx_word' id='word_1_235' title='bbox 529 3738 608 3821; x_wconf 83' lang='grc' dir='ltr'>φάος</span> <span class='ocrx_word' id='word_1_236' title='bbox 629 3739 667 3805; x_wconf 77' lang='grc' dir='ltr'><strong>,τά</strong></span> <span class='ocrx_word' id='word_1_237' title='bbox 690 3744 803 3821; x_wconf 72' lang='lat' dir='ltr'><strong>sepsi</strong></span> <span class='ocrx_word' id='word_1_238' title='bbox 824 3738 908 3824; x_wconf 73' lang='grc' dir='ltr'>ᾤχεο</span> <span class='ocrx_word' id='word_1_239' title='bbox 933 3738 1054 3823; x_wconf 84' lang='grc' dir='ltr'>φιλτατ’</span> <span class='ocrx_word' id='word_1_240' title='bbox 1078 3735 1173 3823; x_wconf 85' lang='grc' dir='ltr'><strong>ἔχων.</strong></span> 
     </span>
     <span class='ocr_line' id='line_1_36' title="bbox 355 3818 1259 3907; baseline -0.001 -23"><span class='ocrx_word' id='word_1_241' title='bbox 355 3818 417 3885; x_wconf 88' lang='grc' dir='ltr'><strong>Καὶ</strong></span> <span class='ocrx_word' id='word_1_242' title='bbox 438 3821 496 3905; x_wconf 79' lang='grc' dir='ltr'><strong>γὰρ</strong></span> <span class='ocrx_word' id='word_1_243' title='bbox 520 3821 593 3904; x_wconf 86' lang='grc' dir='ltr'>ἐμὸν</span> <span class='ocrx_word' id='word_1_244' title='bbox 621 3822 657 3884; x_wconf 83' lang='lat' dir='ltr'><strong>ch</strong></span> <span class='ocrx_word' id='word_1_245' title='bbox 682 3824 763 3907; x_wconf 85' lang='grc' dir='ltr'>φοῐος</span> <span class='ocrx_word' id='word_1_246' title='bbox 781 3824 820 3886; x_wconf 87' lang='grc' dir='ltr'><strong>τοί</strong></span> <span class='ocrx_word' id='word_1_247' title='bbox 831 3846 865 3885; x_wconf 85' lang='grc' dir='ltr'><strong>τε</strong></span> <span class='ocrx_word' id='word_1_248' title='bbox 887 3826 1017 3907; x_wconf 78' lang='grc' dir='ltr'>φιλτατα</span> <span class='ocrx_word' id='word_1_249' title='bbox 1034 3829 1137 3906; x_wconf 80' lang='grc' dir='ltr'>μῶνος</span> <span class='ocrx_word' id='word_1_250' title='bbox 1156 3820 1259 3905; x_wconf 72' lang='grc' dir='ltr'>ἔησθα,</span> 
     </span>
    </p>
   </div>
   <div class='ocr_carea' id='block_1_5' title="bbox 0 0 1507 4725">
    <p class='ocr_par' dir='ltr' id='par_1_5' title="bbox 0 0 1507 4725">
     <span class='ocr_line' id='line_1_37' title="bbox 0 0 1507 4725; baseline 0 0"><span class='ocrx_word' id='word_1_251' title='bbox 0 0 1507 4725; x_wconf 95' lang='lat' dir='ltr'><strong> </strong></span> 
     </span>
    </p>
   </div>
  </div>
 </body>
</html>
