3000 4725
723 606 874 701 J}-

341 773 414 833 Ni'si
434 776 510 832 orba
532 774 609 832 lucis
629 775 748 834 viveres
773 776 952 851 salutisque,

342 859 497 917 iniuriosa
515 860 659 917 servitute
680 861 880 937 praedonum,

342 942 402 1016 Qui
423 944 597 1002 nidulantur
615 944 779 1004 Adriaticis
804 946 931 1022 stagniS,

341 1029 382 1088 Ilt
396 1029 468 1086 inde
487 1047 608 1104 semper
629 1030 789 1088 imminent
806 1050 904 1089 novae
926 1032 1069 1107 praedae,

342 1113 483 1172 Thetidis
508 1121 644 1190 nepotes,
668 1124 699 1172 et
718 1114 858 1175 Salaciae
881 1115 972 1173 cives.

342 1199 414 1257 Heu
437 1196 651 1274 Spartacorum
672 1201 812 1259 traduces
836 1202 992 1259 venenatil

342 1283 412 1342 Heu
434 1284 656 1360 transfugarum
678 1294 721 1343 tot
740 1286 923 1362 propagines
948 1304 1064 1359 sacrae,

342 1369 382 1427 Et
401 1369 585 1445 perditorum
608 1388 697 1446 seges
718 1370 821 1427 adulta
842 1369 1010 1429 latronum!

343 1454 439 1529 Queis
462 1472 580 1512 summa
601 1453 668 1513 laus
690 1464 736 1513 est
757 1456 917 1531 possidere
938 1456 975 1513 de
998 1464 1096 1532 rapto,

341 1538 500 1597 Peculium
521 1538 635 1597 fecisse
659 1540 696 1596 de
718 1539 812 1613 malo,
836 1540 941 1621 virtus.
997 1534 998 1537 ¹

344 1625 477 1699 Quorum
489 1626 562 1683 urbs
579 1625 617 1681 ab
635 1625 708 1683 atris
723 1634 965 1701 quantacunque,
984 1644 1182 1701 quaecunque
1203 1636 1267 1698 est,

342 1709 481 1767 Isaurica
503 1709 677 1782 sodalitate,
700 1710 807 1786 piratis

343 1794 498 1853 Conflata:
523 1796 561 1851 ab
584 1796 657 1853 atris
681 1804 781 1867 aucta,
802 1797 868 1853 fota
892 1794 1011 1870 piratis,

341 1883 452 1957 Auget,
473 1879 617 1952 fovetque
641 1900 721 1937 nunc
741 1882 839 1938 amica
860 1879 992 1956 piratas:

343 1965 486 2023 Taberna
506 1963 642 2033 sceleris,
663 1966 786 2022 officina
798 1964 977 2041 Cyclopum,

342 2050 429 2107 Intus
450 2040 620 2106 recondens
642 2050 763 2125 copiam
786 2050 941 2125 improbae
962 2050 1083 2121 mercis,

342 2133 478 2207 Doliqne
499 2151 622 2191 acervos
642 2134 809 2210 flagitiique
834 2135 1012 2191 thesauros:

342 2217 537 2293 Ergastulum
557 2218 683 2275 cruoris.
705 2227 735 2275 et
754 2237 947 2277 venenorum.

343 2302 406 2362 Ubi
427 2303 564 2359 maxima
583 2302 722 2361 mercede
746 2304 928 2380 sanguinum
953 2302 1045 2362 servit
1115 2356 1119 2363 .

342 2387 478 2463 Propola
498 2388 604 2460 toxici,
628 2388 751 2446 institor
770 2388 843 2446 mali
866 2389 962 2446 succi:

344 2472 423 2535 Tum
443 2472 580 2546 quisquis
604 2482 635 2529 et
651 2474 739 2546 clam,
762 2495 824 2532 non
846 2473 947 2548 palam
966 2472 1053 2532 nefas
1076 2475 1177 2548 audet,

345 2556 552 2633 Sicaniusque,
574 2558 626 2631 qui
644 2558 744 2634 palam
770 2559 857 2616 nefas
879 2559 978 2615 audet.

343 2641 424 2701 Nam
442 2641 529 2699 lictor
546 2643 657 2714 audax,
678 2644 878 2719 publicusque
899 2651 1063 2720 grassator,

344 2726 481 2803 Cumque
501 2727 624 2786 horrido
645 2728 760 2786 lanista
777 2727 967 2804 spiculatore,

345 2812 442 2889 Turpi
463 2813 521 2869 fide
544 2821 716 2872 auctoratus
739 2823 769 2871 et
793 2820 991 2883 sacramento,

345 2896 572 2974 Stipendiorum
594 2917 649 2975 spe
669 2900 815 2974 superbit,
839 2906 869 2955 et
889 2898 980 2956 sumit

343 2985 372 3040 A
391 2983 515 3040 crimine
535 2983 666 3056 animos,
688 3002 707 3039 a
727 2983 851 3041 licentia
871 2983 993 3040 ferrum.

344 3067 406 3125 Ubi
423 3067 583 3141 peierator,
605 3076 694 3141 atque
714 3069 852 3126 funerum
876 3085 1031 3143 manceps,

345 3149 485 3224 Sociique
507 3153 615 3226 capitis
639 3160 729 3228 atque
750 3153 908 3228 sanguinis
934 3158 1035 3209 sector

344 3233 440 3307 civis,
458 3254 579 3293 auorum
603 3237 690 3295 triste
710 3237 881 3313 praestinat
901 3236 993 3292 letum

344 3319 531 3394 Quocunque
549 3321 661 3396 pretio,
686 3330 757 3395 quot
778 3321 880 3392 licent,
904 3321 1079 3377 amicorum.

345 3403 403 3463 Cui
425 3403 509 3462 nulla
524 3405 603 3463 iusto
627 3408 698 3464 urbs
722 3407 819 3463 Marte
845 3405 947 3476 cessit,
967 3411 1019 3462 aut
1040 3405 1133 3463 bello:

345 3481 408 3550 Sed
430 3489 513 3564 quali
535 3490 634 3546 ahena
655 3491 789 3550 claustra
810 3489 993 3547 moliebatur

343 3579 429 3646 Arte,
453 3581 483 3630 et
504 3592 590 3632 seras
608 3575 770 3652 Philippus
791 3574 921 3646 urbium,
945 3582 975 3632 et
993 3582 1106 3633 vectes.

345 3661 413 3718 Hac
434 3666 559 3735 propter
580 3659 657 3735 ipso,
673 3669 720 3719 est
740 3661 771 3718 in
794 3659 870 3717 mari
893 3660 962 3733 sita,
985 3669 1017 3718 ut
1039 3677 1165 3738 magnas

345 3746 484 3805 Piscctur
503 3744 595 3802 urbes
616 3744 747 3818 undique
768 3763 860 3803 aureo
882 3745 948 3802 reti.

389 3832 416 3892 Ο
439 3830 530 3903 Diva,
553 3847 623 3886 nam
645 3847 721 3902 quae
744 3830 900 3888 vorticosa
918 3831 1106 3907 tempestas?
