3000 4725
734 597 887 691 —eee-

283 770 336 825 470
353 765 451 839 Quam
472 785 530 843 pro
552 765 703 841 frequenti
725 766 835 830 civium
852 764 976 825 comitio

351 850 461 909 Ferale
481 850 588 929 glauco
608 849 768 927 prandium
791 851 888 911 suasit
910 850 979 908 cani

317 960 320 971 ·
352 934 478 995 Misisse
495 935 621 1012 linguax
639 935 789 1013 virginum
808 935 897 993 mium
916 944 1003 1012 pater

354 1021 483 1081 Omnem
505 1020 624 1079 marino
647 1028 759 1078 terram
779 1020 939 1079 inundanti
959 1019 1031 1092 luto,

354 1104 511 1181 Siquando
530 1106 639 1163 fluctus
660 1106 819 1181 expuisset
839 1105 979 1164 faucibus

284 1191 336 1246 ⁴75
354 1188 490 1251 Sorbens
511 1188 653 1266 procellis
677 1210 767 1249 omne
789 1190 967 1249 decumanis
986 1190 1095 1262 solum,

351 1274 475 1353 Nepam
499 1274 554 1333 sed
575 1274 627 1332 ille
650 1275 737 1333 fauce
759 1295 817 1352 pro
838 1292 1067 1351 papavereas,

351 1360 464 1419 Partus
488 1358 613 1437 maligni
636 1367 762 1435 questus
785 1368 833 1419 est
855 1378 933 1419 onus
953 1378 1053 1436 grave.
1112 1373 1115 1382 ·

352 1445 486 1505 Venator
507 1444 615 1503 adiens
637 1452 669 1501 at
689 1445 841 1504 secundus
862 1444 994 1503 insulam

353 1530 396 1590 Ut
416 1529 557 1605 expedite
580 1529 720 1589 consulat
740 1530 830 1588 malis
853 1530 930 1601 suis,

285 1620 337 1675 480
352 1614 501 1693 Indigena
527 1614 629 1673 socius
655 1614 745 1691 epulo
766 1614 871 1675 liberis
895 1614 997 1685 Vires,

352 1699 470 1759 Priscis
488 1698 638 1776 Lupercis
659 1708 749 1775 atque
767 1698 904 1776 Nyctimi
925 1698 1031 1775 coquis

352 1785 472 1844 Lunam
497 1792 567 1842 ante
589 1784 680 1857 natis,
704 1786 798 1843 filiam
816 1783 942 1861 ¹glandis
964 1783 1084 1859 dapem,

354 1869 484 1928 Torrere
506 1869 601 1927 suetis
625 1868 845 1929 inscientibus
868 1867 959 1940 focis,

352 1953 554 2025 Eviscerabit‚
577 1962 608 2013 et
628 1953 803 2013 medullitus
824 1955 925 2013 nabet

284 2044 336 2098 485
353 2039 473 2116 Ligone
494 2038 612 2117 glebas,
635 2058 724 2097 omne
741 2038 898 2117 vestigans
922 2054 1054 2112 specum.

355 2123 449 2184 Cuius
474 2123 594 2181 necavit
615 2125 769 2183 bronchus
792 2124 926 2184 Oetaeus
948 2128 1078 2198 patrem,

353 2208 402 2268 Ad
422 2208 587 2267 verticillas
608 2208 659 2267 ilis
683 2217 768 2269 artus
789 2209 960 2267 lancinans.

354 2292 543 2371 Adagionem
568 2293 649 2351 hunc
672 2295 770 2353 sensit
792 2302 917 2372 accepto
939 2290 1033 2362 malo,
1102 2327 1105 2332 -

354 2378 447 2455 Quod
469 2377 599 2455 plurima
620 2379 699 2438 inter
719 2380 861 2457 poculum
882 2387 911 2436 et
932 2376 1051 2434 labrum
1073 2374 1155 2434 solet

285 2468 337 2524 490
353 2463 493 2521 Vertisse
511 2463 606 2522 fatum
624 2483 675 2524 res
695 2483 790 2544 agens
812 2463 991 2522 mortalium.

353 2549 393 2606 Et
413 2549 482 2606 tabe
504 2567 631 2608 manans
655 2567 709 2608 ora
730 2550 894 2626 spumanti,
918 2546 1060 2604 occidens

353 2631 538 2694 Soloeisetus
559 2633 767 2693 imminentem
787 2634 953 2704 ulciscitur,

353 2717 430 2779 Salii
451 2736 596 2778 coercens
618 2720 711 2778 incito
738 2727 819 2780 statu
841 2719 949 2777 volam.

352 2806 394 2862 At
414 2804 520 2861 tertius
545 2804 682 2864 tollentis
706 2824 744 2862 ex
768 2823 844 2863 cava
864 2810 953 2880 petra

284 2893 336 2947 495
354 2887 453 2947 Natus
475 2889 602 2948 neronis
623 2909 720 2963 arma,
743 2889 827 2948 euius
846 2889 878 2946 in
898 2897 998 2946 torum

351 2973 427 3031 Idea
448 2973 536 3031 iunix
559 2982 666 3051 sponte
692 2974 880 3034 conscendet
900 2992 967 3046 sua,

352 3055 438 3130 Quae
457 3059 526 3116 viva
547 3060 662 3117 Averni
686 3059 783 3118 obibit
804 3060 939 3131 umbras,
962 3056 1131 3132 questubus

352 3142 393 3200 Et
417 3142 560 3202 lacrumis
583 3145 722 3204 confecta
740 3143 850 3224 Muniti
871 3161 996 3219 parens,

353 3224 449 3299 Quem
473 3236 551 3287 torta
569 3227 737 3290 Orestonae
759 3228 868 3305 anguis
890 3228 924 3284 in
945 3225 1105 3286 venatibus

284 3314 336 3367 500
353 3309 495 3384 Necabit‚
518 3332 617 3373 acrem
640 3314 798 3391 cuspidem
818 3313 960 3389 infligens
982 3310 1089 3388 pedae,

352 3395 414 3454 Ubi
435 3397 569 3472 parentis
588 3399 750 3458 collocabit
770 3398 804 3456 in
825 3416 934 3458 manus

353 3478 484 3557 Captiva
504 3483 601 3559 petris
625 3484 695 3543 avia
713 3484 825 3542 furtivo
847 3492 948 3541 satum

352 3569 466 3625 Amore
487 3567 623 3642 pullum,¹
640 3569 688 3627 cui
703 3569 814 3646 iugum
837 3568 924 3626 solae
945 3567 1097 3626 hosticum

352 3650 457 3710 Iacere
478 3652 636 3712 servitutis
658 3654 768 3713 Actaei
787 3650 852 3730 lupi

284 3738 337 3795 505
355 3735 527 3809 Hostimen‚
550 3745 640 3812 atquc
661 3739 802 3797 Bacchae
821 3738 961 3796 ademtae
976 3735 1118 3814 gratiam,

355 3820 490 3896 Quorum
513 3822 663 3882 rotundae
681 3823 814 3896 testulae
836 3841 944 3881 caesus
965 3820 1075 3894 tholus,
