3000 4725
695 636 736 697 θθ

258 802 332 864 οὐδὲ
356 800 460 864 πόντον
483 800 661 884 σονέταιρος
682 803 712 865 ἐν
739 803 839 888 ὄρφνη
863 802 900 865 λθ
924 825 976 871 νος
999 801 1135 890 ἀπέσβη·

258 886 429 954 Διπλοίδας
450 886 507 969 γὰρ
531 886 641 954 πάντες
662 887 799 955 ἐπαλίας
823 825 1035 973 ἀμφιθνονται.

257 972 310 1033 καί
330 972 362 1032 οἱ
385 970 451 1039 ἅλις
472 973 647 1055 γλαφυραῖς
663 974 775 1056 χηλοῖς
797 970 841 1034 ἔνι
865 971 1047 1053 σιγαλόεντα

257 1054 464 1139 πορφυρέοισι
482 1057 609 1137 τάπησιν
637 1056 789 1139 ἐπήτριμα
813 1057 908 1140 ῥήγεα
929 1061 1035 1120 κεῖται.

257 1144 348 1203 πᾶσιν
374 1140 593 1221 ἀριστογοίμοιο
616 1143 797 1222 περικλυτὸς
819 1141 930 1224 ἀνδρὸς
953 1141 1052 1224 ἀνοοή

256 1223 375 1308 ήμένοο
392 1224 435 1285 εἰν
452 1221 553 1307 ἀγορή
565 1226 686 1292 πολιοῖς
696 1225 780 1308 παρὰ
791 1224 992 1309 δημογέρησι.
1009 1226 1173 1298 [Ὓέρονσῑθ]

256 1309 333 1391 ήδὲ
351 1310 607 1391 παλιμπριίιτησιν
631 1310 688 1392 ἀφ’
714 1311 757 1371 ὧν
779 1312 859 1392 ιιοίμε
881 1310 984 1393 χερσὶν
1008 1312 1078 1395 ἑήσι
1111 1341 1114 1351 ·

258 1390 425 1455 δαιδαλόεν
450 1393 539 1455 ἑανὸν
561 1395 703 1476 ζωστῆρά
725 1416 758 1456 τε
782 1394 914 1478 πέρνατο
935 1395 1052 1458 κεστόν.

257 1478 356 1541 ποίντα
379 1477 414 1539 δὲ
438 1478 583 1559 τιμήεντα
605 1478 656 1539 καὶ
680 1477 769 1561 ἄρτια
794 1479 885 1563 φάρε’
909 1478 1007 1541 ἕεστο.

259 1560 329 1625 οὔτε
353 1561 397 1623 ἐνὶ
421 1561 531 1644 κραδίῃ
557 1561 726 1643 ἐμπάζεται
755 1562 860 1645 αὔριον
883 1562 977 1646 ήμαρ.

256 1645 347 1730 ήκαὶ
370 1646 432 1708 ἀπὸ
458 1644 609 1727 στόματος
629 1646 771 1729 νημερτέ’
797 1648 956 1729 ἀμύμονος
972 1647 1070 1729 αὐδῆς

260 1731 358 1794 ἰθύνει
383 1732 507 1814 σοφίην,
530 1731 579 1792 καὶ
603 1730 719 1812 θεσμὸν
743 1731 881 1813 ἀγάνορα
903 1731 1042 1799 πειθοῦς.

258 1818 357 1879 πάντα
381 1815 411 1877 δ’
437 1814 645 1876 ἐπεντύνοοσα
667 1814 805 1897 ἐπαρτέα
827 1813 913 1877 ἔνδον
938 1815 969 1875 ἐν
992 1813 1069 1900 οίιιιρ

259 1899 324 1963 οὔτι
347 1898 598 1982 μεθημοσύνησιν
621 1898 672 1960 ἑδν
716 1900 761 1963 ίον
789 1900 881 1982 ἀργὸν
909 1898 1000 1967 ἀέξει,

257 1984 353 2069 τδρροι
378 2006 426 2066 μιν
449 1982 614 2066 εὐθύφρων
632 2005 664 2044 τε
687 1985 775 2067 ανὴρ,
797 1986 848 2046 καὶ
870 1985 979 2051 παῖδες
1001 1984 1113 2065 ἀγαυοὶ

258 2072 383 2154 σεμνοῖς
401 2068 586 2129 δειδίσκοντο
606 2067 849 2153 παρηγορέεντες
869 2067 985 2133 ἔπεσσι.
1020 2068 1175 2136 [”ἕοντεςῖ]

258 2155 309 2217 δῖα
331 2153 432 2236 γύναι,
452 2152 563 2213 πολλοὶ
586 2152 640 2234 μὲν
666 2153 884 2235 ἀριστεύσαντο
908 2155 978 2215 κατ’
1000 2156 1090 2218 αἶσαν

257 2240 354 2321 τίμιαι
376 2236 520 2319 ήλικίδες,
541 2235 576 2297 σὺ
599 2234 631 2297 δ’
654 2236 767 2320 ὑπείρε·
783 2260 815 2305 ες
834 2236 929 2321 ἔξοχα
947 2238 1084 2303 πασέων.

258 2322 383 2408 τηΰσιον
408 2321 525 2404 μορφή,
547 2324 736 2384 πανετώσιον
759 2325 869 2385 επλετο
891 2324 1013 2392 κοίλλος.

163 2461 165 2472 ,
259 2406 429 2492 θεοσεβέος
449 2405 483 2468 δὲ
506 2407 649 2492 γοναικδς
672 2406 822 2491 ἐτήτυμος
843 2408 927 2474 αἶνος
949 2408 1077 2492 ἐτύχθη.

261 2491 341 2555 δεῦτ’
374 2489 429 2572 ἄγε
452 2488 595 2572 εὐίιμνοις
618 2513 666 2572 μιν
688 2493 840 2575 ἀμείψατο
863 2493 973 2559 πάντες
994 2494 1125 2571 ἀοιδαῖς,

261 2575 342 2660 ὄφρα
365 2597 414 2658 μιν
438 2575 480 2636 εἰν
503 2575 604 2660 ἀγορή
622 2576 709 2658 κλείη
734 2576 772 2638 ἑὰ
794 2576 930 2638 θέσκελα
954 2574 1038 2659 ἔργα.

538 2747 588 2804 41.
630 2747 681 2804 Em
701 2747 893 2824 Hippocrate.

261 2831 376 2911 τροφῆς
397 2827 518 2910 ἀπορίη,
541 2829 592 2888 καὶ
615 2827 718 2890 πόνων
744 2829 863 2908 ἀοκνίη,

261 2913 310 2974 καὶ
331 2913 574 2994 σπερματώδοος
597 2911 704 2993 οὐσίης
727 2913 921 2995 κατάσχεσις,

261 2997 315 3080 τρί’
342 2995 420 3059 αὐτὰ
442 3000 495 3077 τῆς
515 2996 659 3078 ἀνοοσίης
682 2997 838 3079 τηρητικοί.

281 3087 364 3143 Idem
385 3083 494 3142 Latine
515 3084 619 3160 ίορίιιιι·
644 3087 676 3142 ιἰι
697 3087 786 3143 veteri
801 3085 995 3159 pulcherrimo
1014 3102 1156 3144 marmore

411 3171 442 3226 ίιι
464 3171 569 3244 oppido
591 3168 624 3226 S.
646 3169 764 3245 Aegidii
781 3173 821 3228 ad
840 3169 1022 3227 Rhodanum.

394 3251 516 3312 VESCI
538 3295 545 3310 .
569 3252 697 3312 OITRA
718 3297 725 3312 .
746 3253 1047 3314 SATURITATEM

347 3337 562 3397 IMPIGRUM
583 3381 590 3395 .
614 3337 745 3400 ESSE.
770 3339 827 3398 ΑΙ)
853 3383 859 3397 .
883 3339 1087 3399 LABOREM

375 3422 532 3482 VITALE
557 3465 562 3480 .
588 3421 728 3482 SEMEN
754 3474 760 3487 .
783 3421 1066 3484 OONSERVARE

261 3505 361 3566 TRIA
375 3550 383 3565 .
397 3505 704 3568 SALUBERRIMA.
741 3523 798 3570 lani
819 3520 922 3570 crateri
942 3523 1055 3585 inscript.
1073 3535 1098 3584 p.
1115 3514 1176 3570 ναν.

323 3677 373 3735 42.
416 3678 481 3735 Ηοο
503 3680 617 3754 amm'qm'
631 3688 738 3754 poetae
760 3678 808 3734 De
829 3686 977 3734 amantum
994 3677 1119 3744 miseria,

262 3755 392 3826 ἅπαντες
415 3758 506 3840 ἐσμὲν
529 3759 721 3821 ἀθλιώτατον
742 3756 832 3839 γένος

263 3841 400 3926 ἐρῶντες,
426 3843 532 3925 οἷσπερ
555 3847 609 3905 τοῦ
628 3842 811 3905 πεπαῦσθαι
828 3845 882 3923 τῆς
902 3839 996 3902 νόσοο
1065 3884 1068 3896 2
