3000 4725
683 648 834 741 *is—

300 818 354 876 Ait
376 816 473 877 fuisse
493 816 629 894 litigator
649 818 800 893 optimus;

301 902 411 979 Neque
433 901 525 959 ullius
547 902 678 959 tribunal
703 904 828 960 arduum
852 900 912 959 fori

302 986 456 1063 Nequisse
473 1004 651 1061 personare,
675 987 740 1046 sive
764 987 882 1063 legibus

304 1072 392 1149 Opus
414 1073 492 1129 foret
511 1070 633 1143 latrare,
657 1063 722 1131 sive
744 1072 860 1149 iurgiis.

302 1158 343 1216 Et
363 1158 419 1214 hoc
438 1163 529 1233 negat
551 1176 659 1215 severa
679 1155 898 1233 Nittiobrigum

302 1242 424 1319 Negare
444 1248 543 1318 septa,
566 1242 799 1316 vasconumque
821 1242 932 1312 curias,

302 1328 455 1405 Aginnum
478 1326 579 1399 inane,
602 1324 845 1401 Condomumque
867 1324 1063 1401 inhospitum,

302 1412 495 1483 Lemovices,
517 1419 676 1486 trucesque
698 1411 901 1488 Petregorios.

302 1495 364 1557 Ubi
385 1498 444 1555 iste
466 1504 535 1571 post
555 1496 701 1573 maginus,
726 1504 817 1553 antea
837 1495 894 1552 fnit

302 1582 444 1640 Lauerna
465 1581 550 1653 iuris,
573 1589 603 1638 et
620 1590 768 1657 patronus
789 1581 910 1639 infore

302 1667 457 1743 Loquente
478 1684 570 1743 saepe
592 1684 666 1724 voce
685 1666 814 1742 prodidit
830 1684 912 1723 reos.

304 1751 440 1811 Cadurce
463 1752 580 1823 rabula,
603 1759 632 1808 et
654 1750 768 1809 Tolosa
785 1758 958 1822 contumax,

303 1837 374 1895 Tibi
393 1836 468 1894 haec
487 1836 584 1895 fuisse
605 1843 635 1892 et
654 1854 724 1895 esse
745 1834 956 1913 cognitissima

303 1921 354 1980 Ait
375 1921 526 1998 maginus:
548 1920 654 1978 ultima
676 1940 714 1977 ex
734 1920 848 1997 origine

192 2006 195 2011 '
303 2006 379 2064 Tuis
397 2023 540 2082 orepasse
560 2006 627 2061 iura
651 2004 723 2062 dicit
742 2006 773 2062 in
799 2004 926 2075 scholis,

214 2108 222 2123 ⁸
303 2091 372 2149 Tua
389 2090 545 2148 intonasse
566 2088 684 2165 legibus
708 2089 833 2149 sedilia:

302 2176 342 2233 Et
363 2174 434 2231 inde
459 2174 550 2233 surda
573 2194 629 2250 per
646 2181 692 2231 tot
715 2174 833 2231 urbium
854 2174 923 2231 fora

304 2258 422 2335 Stipem
443 2258 611 2330 extudisse,
633 2258 723 2315 laeva
744 2259 815 2317 sivev
834 2258 960 2315 dextera

303 2345 441 2422 Rogaret
460 2363 542 2415 aera,
566 2344 631 2402 sive
652 2350 809 2419 utramque
831 2343 971 2421 pluscula

302 2429 438 2488 Pecunia
458 2438 599 2507 gravaret
617 2429 771 2505 improbus
793 2448 926 2488 manum.

302 2514 412 2590 Neque
436 2514 500 2572 ulle
519 2522 591 2572 vota
613 2513 777 2573 curialibus
797 2515 861 2572 deis

217 2586 227 2605 ’
303 2599 370 2660 Sibi
393 2618 463 2658 esse
484 2599 575 2672 faeta,
594 2618 661 2656 eum
685 2599 797 2656 rediret
817 2619 836 2656 a
856 2600 920 2657 foro

304 2684 442 2744 Onustus
466 2703 535 2741 aere
559 2685 694 2758 adusque
714 2684 868 2761 propriam
894 2684 1022 2741 domum.

304 2768 366 2830 Sed
385 2771 461 2827 haec
479 2769 564 2845 prius
585 2770 683 2826 fuere:
704 2788 784 2827 nunc
804 2769 918 2827 cibaria

302 2855 420 2932 Ligurit
442 2862 543 2926 uncta,
568 2873 659 2930 seque
681 2855 800 2912 dedicat
821 2855 877 2913 tibi

304 2939 416 3004 Culine
433 2939 529 3012 dives,
553 2948 583 2997 et
603 2939 703 2996 culina
724 2940 836 2998 divitis.

573 3176 576 3183 Ι
621 3109 667 3166 11.
713 3111 752 3165 In
774 3111 900 3166 eoadem.

302 3193 393 3253 Nune
413 3194 492 3252 ollas
515 3202 639 3265 tractas,
663 3193 799 3251 tractasti
819 3192 917 3269 iurgia
936 3189 1104 3265 quondam:

302 3279 375 3336 Iure
392 3278 474 3336 idem
500 3278 605 3337 solitus
628 3278 769 3349 vendere,
792 3278 860 3334 iura
881 3275 996 3353 coquis.

380 3447 427 3504 12.
471 3450 510 3504 Ia
532 3451 649 3523 citatam
670 3450 814 3524 quendum
835 3467 892 3504 non
913 3449 1139 3522 respondentem.

302 3531 487 3607 Proscripsit
507 3540 559 3590 tua
581 3540 681 3607 teque,
701 3533 780 3608 quod
801 3532 909 3590 citatus

302 3615 372 3675 Non
391 3616 598 3692 responderis,
621 3619 751 3694 optimus
774 3617 914 3678 Senatus.

303 3700 373 3759 Non
392 3703 472 3760 assis
492 3702 585 3773 faois;
608 3709 637 3759 et
657 3722 781 3780 gravem
799 3697 948 3759 tremendi

302 3786 417 3864 Legem
439 3788 592 3859 carminis,
616 3805 652 3844 ae
671 3807 779 3846 severa
798 3787 883 3844 iussa

302 3871 435 3930 Tantum
454 3873 547 3931 verba
565 3878 671 3949 putas:
694 3879 784 3931 notas
806 3869 940 3938 honoris,
