3000 4725
791 665 832 729 52

351 836 419 895 Nec
439 837 540 896 facere
561 836 620 895 hoc
639 842 771 912 poterat,
792 837 874 914 qnod
895 837 981 897 Naso
1002 838 1117 897 fecerat
1139 842 1226 916 olim,

394 921 494 996 Quam
514 922 566 997 qui
587 919 722 982 Nasonis
745 943 854 999 corque
875 924 1069 999 animumque
1088 927 1175 1003 gerit

353 1092 381 1151 9.
427 1091 632 1151 Aufentum
653 1094 688 1151 de
707 1095 752 1152 Io.
770 1092 901 1150 Mearsio
923 1095 1024 1152 edente
1038 1095 1269 1171 Lycophroocna

272 1230 275 1248 ,
351 1179 449 1237 Antra
470 1176 638 1234 cothurnati
655 1185 816 1254 penetrare
838 1177 1046 1253 Lycophronis
1065 1198 1171 1253 susus,

351 1263 488 1321 Maturus
511 1260 630 1335 studiis,
655 1262 709 1321 sed
728 1262 781 1320 vix
800 1281 943 1339 egressus
966 1265 1076 1340 ephebi

351 1346 522 1422 Vestieipes
545 1366 652 1418 annos,
676 1355 706 1405 et
725 1347 832 1427 limina
850 1347 974 1423 puberis
996 1350 1075 1422 aevi,

351 1432 502 1491 Meursius
525 1432 581 1490 has
602 1431 715 1491 virides
739 1439 871 1508 segetes,
891 1434 1061 1508 messisque
1083 1434 1204 1492 futurae

351 1516 517 1589 Primitias,
539 1516 601 1590 dat,
623 1517 758 1587 Phoebe,
779 1516 835 1574 tibi
854 1537 910 1593 pro
932 1524 1084 1595 tempore:
1108 1520 1161 1577 ubi
1182 1528 1267 1579 aetas

353 1600 443 1660 Hunc
464 1602 583 1660 firmata
606 1603 703 1660 virum
725 1602 899 1677 perfecerit,
922 1604 1027 1679 accipe
1046 1622 1189 1662 messem.

357 1771 403 1831 10.
449 1774 488 1830 Ia
510 1770 619 1828 [otalii
635 1772 816 1845 Fragmenta
838 1771 957 1828 collecta
978 1782 1006 1829 et
1025 1776 1104 1830 edite
1124 1792 1144 1829 e
1166 1774 1265 1832 Frao-

450 1918 452 1922 ,
708 1858 781 1913 cisco
801 1856 914 1913 Densa.

355 1939 447 2015 Quod
465 1940 569 1998 doctos
591 1939 684 1997 laceri
705 1940 804 1997 Lucili
826 1940 944 2017 colligit
964 1947 1058 2012 artus,

393 2026 532 2083 Membra
553 2025 616 2082 suis
636 2024 766 2083 reddens
789 2024 909 2100 singula
928 2042 1065 2100 quaeque
1086 2025 1176 2098 locis,

352 2107 437 2181 Quae
458 2108 612 2167 Ciceronis
634 2116 708 2181 erat,
728 2109 853 2166 Iuvenis
876 2127 955 2165 nuuc
978 2108 1073 2166 civica
1092 2108 1237 2183 Deusae3

395 2192 476 2265 Quin
494 2192 593 2252 maior
614 2194 752 2265 Dousae,
775 2212 865 2269 quam
889 2192 1047 2252 Ciceronis
1067 2195 1132 2254 erit.

352 2278 472 2353 Eripuit
488 2278 605 2337 facibus
628 2277 778 2337 Catilinae
800 2278 920 2336 Tullius
941 2279 1063 2337 urbem:

394 2363 541 2422 Restituit
563 2365 645 2422 cives
669 2365 718 2422 hic
740 2364 795 2422 tibi
819 2364 918 2423 Roma
940 2372 1021 2424 tuos.

356 2534 404 2592 11.
426 2536 465 2591 In
475 2534 658 2591 Maelianum
677 2532 825 2608 Capellam
839 2537 944 2591 editam
958 2535 995 2590 ub
1010 2533 1135 2610 Hapsos
1154 2535 1265 2595 Grotio.

353 2619 444 2695 Hugo
470 2618 594 2677 soboles
617 2617 739 2676 Grotius
766 2619 872 2694 optimi
893 2617 1042 2694 parentis,

353 2703 413 2779 Qui
435 2703 542 2760 limina
563 2702 696 2761 nondum
716 2704 820 2780 'tetigit
839 2704 962 2778 puberis
985 2703 1063 2774 aevi,

353 2787 416 2865 Sed
435 2796 536 2846 mente
560 2788 650 2846 senili
668 2797 788 2847 teneros
809 2789 970 2864 praevenit
990 2807 1100 2861 annos,

351 2875 495 2951 Magnum
516 2872 679 2946 meditans,
702 2873 846 2949 auspiciis
869 2873 965 2930 noluit
983 2874 1045 2930 illis

351 2959 548 3030 Praeludere,
572 2977 649 3033 quae
670 2959 851 3034 uesticipem
874 2958 1011 3034 postulat
1033 2965 1135 3028 aetas3

355 3041 416 3104 Sed
439 3043 545 3101 maluit
562 3062 582 3099 a
602 3043 769 3120 grandibus
793 3043 936 3100 inchoare
957 3043 1082 3118 coeptis.
1180 3054 1182 3059 '

351 3127 433 3186 Nam
458 3129 510 3205 qui
532 3147 629 3204 penus
653 3136 711 3198 est,
736 3128 836 3186 omnis
858 3134 888 3183 et
909 3145 980 3184 arca
1000 3125 1191 3202 discipliuae,

353 3211 414 3273 Sed
435 3232 524 3287 quem
545 3212 732 3272 horridulum
754 3212 865 3269 iniuria
886 3211 1036 3284 squallore
1057 3219 1193 3270 vetustas

353 3298 446 3358 Omni
466 3298 633 3370 studiorum
658 3297 752 3354 nitido
778 3297 934 3353 abdicarat
954 3315 1023 3367 usn,

351 3382 439 3441 Illius
460 3383 498 3440 ab
520 3383 627 3440 incude
648 3381 812 3458 profectus,
839 3389 928 3455 atque
951 3399 1081 3438 amoeno

353 3465 518 3542 Splendore
540 3468 667 3539 micans,
687 3485 840 3542 purpurea
858 3473 944 3523 veste
964 3456 1093 3523 decoris

354 3551 518 3626 Oultnsque
534 3571 617 3610 novo
640 3552 761 3628 pumice
785 3551 953 3608 Martianus
977 3550 1051 3609 exit.

353 3635 499 3695 Ocrnisue
524 3645 557 3694 ut
579 3645 718 3695 ovantem
740 3635 843 3712 lepido
864 3635 938 3693 flore
960 3637 1113 3704 inventae,

353 3719 553 3781 Commendet
569 3741 637 3779 eum
656 3721 754 3797 gratia
772 3720 895 3778 luminis
920 3719 1072 3778 recentis?

307 3806 311 3813 '
353 3805 450 3879 Quam
472 3807 536 3866 sive
557 3806 673 3878 habuit,
691 3805 825 3864 restituit
843 3803 968 3864 Grotius
988 3804 1050 3875 illi;

354 3889 414 3952 seu
436 3912 499 3951 non
520 3891 635 3963 habuit,
658 3889 786 3948 contulit
806 3891 885 3948 hanc
905 3888 1030 3949 Grotius
1050 3885 1105 3944 illi.
