3000 4725
727 582 879 677 Q

386 750 579 823 Narcissum,
598 761 630 809 et
646 752 755 829 patulo
776 752 842 810 lilia
856 750 957 809 hiulca
976 752 1056 825 sinu,

344 836 556 911 Halautesque
578 854 695 909 cruces,
719 846 750 895 et
772 854 942 914 purpureos
964 837 1155 913 hyacinthos,

387 923 518 999 Insuper
538 931 570 979 et
588 940 702 979 vernae
719 920 817 980 florea
837 930 920 981 serta
939 940 1045 993 rosae3

344 1007 390 1067 Ut
411 1007 468 1064 tibi
490 1007 529 1064 ab
551 1014 708 1083 unguento
729 1016 832 1085 caput,
855 1006 1035 1080 Heliodora,
1058 1006 1203 1083 fragranti

387 1091 491 1168 Spiret
510 1092 646 1150 odoratis
667 1100 742 1168 apta
760 1111 871 1151 corona
893 1092 1000 1150 comis.

747 1179 853 1235 Aliter.

344 1260 386 1318 Et
401 1259 534 1336 plectam
556 1261 668 1329 violas,
696 1270 728 1319 et
747 1262 854 1338 myrtis
878 1261 1022 1319 suavibus
1044 1260 1154 1317 addam

387 1343 581 1418 Narcissum,
601 1347 725 1423 iungam
747 1347 814 1404 lilia
828 1346 933 1403 hiulca·
951 1344 1051 1403 simul.

344 1428 475 1488 Nectum
500 1450 593 1489 suave
615 1450 749 1505 crocum,
770 1442 874 1489 texam
895 1430 1033 1488 vaccinia
1053 1430 1129 1489 flore

386 1515 555 1591 Purpureo.
578 1516 710 1591 plectam
730 1518 838 1575 suavia
859 1524 943 1573 texta
963 1532 1066 1587 rosae,

345 1599 387 1659 Ut
408 1599 547 1657 madidae
567 1610 722 1678 unguento
734 1602 790 1659 tibi
807 1602 934 1659 floribus
954 1600 1087 1673 undique
1099 1598 1254 1667 inumbret,

387 1684 569 1758 Heliodora,
591 1695 661 1744 tuas
683 1687 777 1763 plexa
796 1685 907 1743 corolla
929 1704 1044 1743 comas.

347 1852 423 1927 ζ(7)
621 1851 711 1932 (Daui
729 1850 801 1913 ποτ’
826 1850 857 1911 ἐν
882 1850 1000 1932 μύθοις.

342 1937 450 1994 ludica
473 1956 532 2010 me,
552 1940 668 2016 argutis
687 1940 893 2010 sermonibus,
914 1938 995 2015 ipsa,
1016 1937 1133 2013 lepore,

388 2022 469 2079 Vicit
489 2023 537 2080 vel
561 2020 712 2096 Charites,
734 2024 915 2095 Heliodora,
936 2042 1001 2082 suo,

349 2191 423 2268 C(8)
638 2186 787 2273 Ὀξυβόαι
809 2191 967 2254 κώνωπες.

347 2273 512 2351 Sanguinis
536 2275 660 2334 humani
683 2277 835 2349 sitientes,
856 2276 993 2351 improba
1011 2274 1106 2348 secla,

387 2366 471 2436 Apta
495 2361 553 2419 alis
574 2363 710 2438 paribus,
735 2362 854 2421 vocifici
875 2359 1013 2420 Culices:

346 2445 535 2520 Zenophilae
556 2446 709 2522 placidum
730 2449 823 2505 liceat
844 2445 976 2504 dormire
999 2462 1154 2523 soporem,

389 2529 541 2590 Carnibus
565 2531 683 2589 interea
704 2550 757 2591 vos
780 2533 890 2591 satiate
912 2531 999 2588 meis.

347 2613 408 2675 Sed
421 2615 493 2690 quid
512 2635 569 2693 ego
581 2618 658 2674 hacc
670 2618 754 2675 dixi?
767 2617 880 2676 frustra
896 2635 974 2674 sum.
991 2612 1168 2673 Animantia
1181 2618 1257 2670 tetra

388 2699 531 2760 Gaudent
551 2703 584 2759 in
606 2711 743 2760 teneram
766 2703 860 2779 ligere
880 2709 981 2760 rostra
1002 2695 1109 2758 cutem.

344 2787 404 2856 Ah,
427 2805 520 2862 pecus
544 2787 752 2864 implacidum,
777 2787 894 2863 coeptis
917 2785 1067 2844 absistite.
1091 2783 1122 2842 si
1141 2801 1217 2840 nou:

386 2871 553 2948 Zelotypus
575 2873 608 2930 in
631 2891 686 2932 vos
706 2873 838 2931 instruet
858 2873 905 2930 ira
927 2889 1045 2928 manus.

346 3039 422 3116 ζ(9)
639 3034 753 3117 Πταίης
774 3059 826 3116 μοι
848 3038 974 3118 κώνωψ.

344 3124 370 3195 I,
393 3143 529 3201 propera
550 3124 703 3197 mandata,
726 3122 833 3184 Culex.
857 3123 945 3182 Velle
967 3123 1050 3181 ocius
1073 3142 1175 3184 aurem

387 3208 584 3286 Zenophilae,
608 3218 638 3267 et
658 3211 742 3267 tenui
767 3210 842 3266 haec
867 3227 1018 3267 murmure
1037 3207 1118 3266 dicta
1138 3227 1222 3269 sons:

345 3290 391 3349 Te
412 3294 487 3370 vigil
507 3295 560 3351 ille
577 3303 694 3354 manete
719 3304 751 3351 tu
768 3294 863 3366 lenta,
888 3301 1028 3351 vetemus
1052 3303 1215 3366 amantum,

386 3375 522 3436 Dormis.
542 3380 610 3452 Eia,
631 3380 708 3438 vola.
727 3398 815 3456 euge,
837 3397 956 3449 canore,
979 3377 1055 3437 vola.

345 3458 406 3519 Sed
427 3462 545 3536 placide
566 3465 706 3538 eloquere
723 3465 809 3535 haec,
831 3483 870 3521 ne
886 3464 965 3520 forte
979 3463 1026 3520 vir
1038 3463 1153 3522 excitus
1164 3463 1193 3520 in
1206 3477 1252 3518 me

386 3545 467 3602 Iram
489 3547 659 3625 distringat,
683 3549 903 3624 zelotypasque
926 3548 1036 3606 minas.

344 3628 431 3704 Quod
451 3631 478 3688 si
496 3630 579 3688 illam
601 3632 744 3706 adduces,
768 3633 899 3710 spolium
920 3633 975 3689 tibi
998 3633 1112 3709 grande
1133 3631 1238 3701 leonis,

386 3715 426 3773 Et
448 3715 588 3774 manibus
611 3717 730 3775 dabitur
754 3719 843 3777 clava
864 3717 1008 3795 gerenda,
1023 3715 1130 3775 Culex.
