3000 4725
737 589 887 686 -1—08-

355 760 514 820 Festinata
535 766 636 822 tamen
660 759 812 833 querimur
834 768 886 818 tua
905 759 980 829 fata
1008 777 1107 834 neque
1127 759 1206 820 ultra

397 845 515 906 Nostra
535 851 600 902 tuus
624 861 743 904 cursum
756 845 891 904 'tendere
915 850 985 900 vcta
1006 844 1084 902 dies.
1152 890 1155 894 Δ

356 929 419 992 Sed
441 937 543 988 tamen
566 929 624 988 hoc
644 929 765 1000 melius,
790 949 881 1006 quam
901 930 928 987 si
947 928 1065 988 felicius
1090 949 1201 993 aevum

398 1014 548 1090 Rupisset
569 1013 648 1072 vitae
672 1015 803 1077 stamina
820 1015 915 1092 longa
929 1022 1010 1085 tuae,

354 1099 524 1159 Iudelibato
548 1097 647 1174 pietas
670 1111 762 1174 quum
783 1101 856 1158 flore
877 1099 997 1170 vireret,

398 1185 438 1243 Et
460 1202 547 1243 sacer
566 1183 684 1242 afflarat
704 1193 831 1260 pectora
848 1192 935 1242 casta
952 1183 1048 1254 calor,

355 1267 423 1328 Nec
436 1275 565 1344 caperet
583 1267 673 1328 tellus
698 1269 839 1328 examina
861 1277 947 1328 tanta
965 1269 1097 1344 piarum,

398 1353 529 1412 Divinae
550 1353 649 1414 laudis
671 1367 749 1427 quos
772 1354 1067 1414 stimulabatamor:

356 1440 458 1516 Quum
479 1437 542 1496 veri
563 1437 698 1498 studiosa
718 1446 788 1496 tuae
809 1440 847 1496 de
868 1439 991 1498 flumine
1009 1439 1131 1515 linguae

399 1524 464 1584 Ora
483 1523 633 1604 rigaturus
657 1524 745 1584 turba
766 1524 864 1582 sitiret
885 1541 997 1600 aquas:

355 1610 396 1668 Et
414 1627 491 1682 quae
513 1627 574 1666 non
596 1607 717 1667 modico
740 1627 894 1668 murorum
916 1608 1066 1668 clauditur
1086 1606 1170 1678 orbe,

393 1693 460 1752 'Vix
484 1693 559 1752 satis
577 1693 719 1768 hospitiis
744 1693 1085 1769 umplaVenegaforet3
1108 1692 1263 1768 [Graecei]

356 1779 476 1852 Totque
498 1777 665 1854 peregrinis
689 1777 841 1842 coleretur
857 1779 1004 1854 gentibus
1022 1777 1087 1847 illa,
1192 1826 1204 1834 .,

397 1863 482 1920 Pane
502 1869 576 1936 quot
595 1862 828 1940 indigenasuel
852 1863 928 1921 eatis
950 1881 1021 1921 esse
1039 1862 1105 1922 fuit.
1147 1887 1151 1892 ·

354 1948 456 2024 Pelia,
479 1947 529 2021 qui
551 1945 606 2004 tali
624 1947 730 2008 vivens
754 1948 891 2006 interfuit
911 1949 1005 2006 aevol

399 2032 461 2090 Hei
477 2031 564 2102 mihi,
588 2050 665 2106 quas
687 2040 773 2092 aetas
797 2051 877 2090 nuuc
894 2040 973 2090 rotat
990 2032 1052 2090 ista
1074 2031 1198 2092 vicasl-

356 2122 459 2196 Aurea
480 2115 582 2174 saecla
602 2116 660 2176 Dei
679 2126 800 2178 mutans
819 2117 926 2193 peiore
942 2117 1067 2176 metallo
1131 2186 1133 2190 ¹

399 2201 509 2262 Infecit
530 2208 654 2260 nostros
670 2202 793 2260 decolor
815 2221 889 2262 aura
911 2203 988 2272 dies,

357 2286 502 2362 Quaeque
524 2285 726 2346 incendebant
747 2287 875 2345 caelesti
896 2295 1022 2364 pectora
1043 2285 1176 2357 flamma,

399 2371 548 2446 Dilapsae
567 2372 600 2429 in
622 2373 754 2432 cinerem
776 2392 855 2450 nuuc
876 2381 1000 2449 tepuere
1016 2372 1116 2430 «facee.

357 2457 416 2532 Qui
437 2456 490 2513 vix
511 2456 644 2533 signavit
663 2458 764 2535 prima
782 2477 859 2534 puer
881 2476 935 2516 ora
954 2458 1088 2528 iuventa

401 2540 457 2601 cui
477 2540 546 2617 pius
567 2542 717 2602 imbuerat
736 2544 877 2601 flammea
899 2542 993 2603 corda
1012 2541 1110 2610 timor,

358 2626 534 2703 Transfuga
553 2635 719 2688 castrorum
741 2628 885 2687 meliores
908 2627 1029 2687 abdicat
1053 2635 1147 2696 artas,

400 2711 527 2771 Militiae
550 2712 673 2773 calcans
697 2713 825 2771 foedera
846 2713 945 2789 prima
966 2729 1049 2771 suae.

357 2796 425 2857 Nec
447 2796 546 2858 miuus
569 2798 696 2869 interea,
721 2816 810 2857 serae
833 2800 890 2857 sub
911 2798 972 2856 fine
991 2804 1134 2857 senectae

399 2881 478 2943 Sunt
501 2883 552 2956 qui
574 2882 696 2941 deserto
719 2876 806 2959 terga
826 2882 936 2943 dedere
957 2881 1037 2941 Dec.

359 2967 510 3026 Omnibus
529 2967 686 3027 incessunt
704 2968 815 3027 sinceri
835 2967 938 3027 taedia
957 2966 1070 3025 cultus:

400 3052 440 3111 llt
461 3071 541 3111 uova
562 3053 716 3124 materies,
738 3060 768 3109 et
789 3071 871 3113 nova
893 3070 986 3109 musa
1009 3052 1125 3112 subest.

358 3138 449 3196 Illum
473 3136 539 3193 dira
560 3138 652 3197 trahit
674 3137 780 3195 blandi
801 3136 934 3212 pellacia
952 3143 1108 3211 quaestus.

401 3222 500 3279 Hunc·
513 3222 638 3297 rapidus
661 3229 771 3281 vortex
793 3222 970 3281 ambitionis
991 3220 1075 3297 agit.
1310 3229 1311 3296 l

359 3305 440 3380 Quid
458 3306 578 3381 loquar,
599 3315 632 3363 ut
654 3307 749 3384 nigris
768 3324 919 3383 grassans
942 3305 1066 3367 insania
1083 3303 1199 3365 chartis
1310 3301 1311 3308 ’

400 3391 520 3451 Probra
543 3400 693 3466 uenenato
712 3391 813 3451 lurida
833 3391 906 3449 felle
928 3390 1011 3463 iacit,
1095 3407 1109 3466 j

359 3478 457 3551 Atque
478 3476 630 3534 latrocinii
650 3478 706 3537 sub
728 3476 862 3554 imagine
883 3474 1014 3551 plurima
1037 3473 1128 3549 vulgo

402 3560 553 3619 Invadunt
577 3561 674 3620 lectos
699 3562 813 3636 scripta
829 3569 974 3637 proterva
992 3559 1096 3619 viros?

359 3646 478 3720 Vixque
501 3646 601 3721 ipsum
624 3646 703 3705 victo
724 3654 820 3705 tutum
843 3654 889 3705 est
909 3664 929 3702 a
949 3645 1075 3703 crimine
1097 3641 1220 3706 caelum

401 3730 486 3789 Peue
506 3730 606 3789 Deum
626 3731 733 3791 rabido
758 3741 903 3807 pruvocat
927 3730 1105 3789 arcturon·
1170 3800 1179 3819 Ι

360 3814 420 3889 Tu,
440 3817 492 3892 qui
515 3815 661 3893 perfidiae
684 3816 853 3891 primordia
872 3815 985 3875 videris
1006 3816 1107 3885 huius,
1169 3853 1172 3860 ι
