3000 4725
606 634 759 729 -2-49*

239 796 407 885 ραΜοόνιρ
420 798 518 883 ἄθυρε
538 797 653 885 τρόχιρ.
667 798 802 884 Κυβείαν
823 800 924 861 πᾶσαν
937 797 1063 861 ἀλεόου.
1091 800 1139 882 μί.

238 882 385 969 μη.Ἰσχόῐ
398 885 493 968 μηδὲν
507 884 655 967 ἐπίτρεπ’.
678 881 851 947 Ἐλάσσονα
865 882 905 964 μὴ
920 882 1055 967 ἀθέριζε.
1088 884 1140 967 μθ.

236 988 258 1030 ν.
285 967 470 1052 Ἀλλοτρίων
489 969 624 1032 κτεάνων
639 970 680 1052 μή
693 992 728 1031 σε
742 966 857 1053 φρένας
868 965 974 1049 ίμερος
988 965 1086 1031 ἔλθοι.

235 1072 277 1115 να.
285 1049 346 1136 Τὴν
367 1053 501 1137 γαμετὴν
520 1053 576 1134 σὴν
594 1054 815 1138 ἀμφαγάπαζε.
839 1048 885 1153 Τρλ
902 1050 993 1113 τέκνα
1009 1052 1051 1115 δι·
1094 1054 1142 1139 νβ.

234 1217 334 1302 νγὋν
348 1220 424 1285 θέσο
436 1222 564 1305 θεσμὸν,
573 1176 687 1303 ἔνεγκε.
711 1222 808 1285 Λάλει
821 1156 994 1304 amalfi
1005 1221 1073 1307 βρά-
1096 1222 1141 1285 νδ.

234 1409 273 1451 νε.
284 1385 377 1453 Ταῦθ’
386 1388 648 1473 ίρδειν,δδίκαιον
656 1387 796 1475 ἔφυ.Τδν
808 1326 1076 1473 ἔρθόότααφέρεινεῦ.
1097 1410 1141 1459 νς.

496 1553 668 1622 ΒΙΒΛΙΟΝ
688 1553 868 1621 ΠΡΩΤΟΝ.

235 1642 269 1705 A.
311 1639 351 1705 Εἰ
374 1639 454 1710 Θεός
475 1641 540 1704 ἐστι
562 1646 644 1721 νοῦς,
668 1645 710 1709 ὡς
732 1641 875 1725 θέσφατα
897 1642 972 1727 φησὶ
990 1642 1143 1716 παλαιῶν,

311 1724 374 1789 Καὶ
390 1726 428 1788 σὺ
443 1725 522 1809 μάλ’
537 1725 692 1795 ἐνδυκέως
703 1727 834 1810 καθαρῷ
848 1727 905 1806 νοΐ,
930 1726 1018 1789 τόνδε
1031 1723 1143 1809 σέβιζε.

234 1808 268 1873 Β.
314 1810 358 1875 Tb
375 1809 471 1873 πλέον
485 1811 640 1895 ἀγρόπνει,
657 1811 699 1894 μὴ
709 1808 850 1893 ἀμέτρως
863 1811 893 1873 δ’
910 1810 972 1873 ίσθι
985 1810 1143 1893 φιλυπνος.

309 1894 351 1959 Ἡ
365 1896 466 1980 μακρή
480 1898 511 1976 γ’
526 1896 692 1958 ἀνάπαυλα
705 1894 822 1978 τροφὴν
839 1894 991 1958 ταθέεσσι
1004 1898 1143 1978 χοιγργεῑ.

235 1977 264 2042 Γ.
309 1979 441 2066 Πρώτην
465 1986 524 2042 τῶν
546 1979 663 2061 ἀρετῶν
681 1982 758 2061 ἡγοῦ
771 1978 824 2062 τὴν
841 1982 983 2060 γλῶσσαν
996 1978 1143 2063 ἐπισχεῖν.

305 2064 400 2149 Ἀγχι
420 2064 498 2127 θεοῦ
521 2063 578 2147 γὰρ
605 2064 731 2139 ἐκεῖνος,
757 2062 791 2130 ὃς
813 2062 895 2127 οἶδεν
919 2064 1021 2147 καίρια
1049 2066 1144 2146 σιγᾷν.

234 2147 265 2210 Δ.
303 2147 459 2233 Ῥήμασιν
483 2147 652 2229 ἀντιλόγοις
673 2147 714 2231 μὴ
738 2147 874 2218 ἐναντίος
898 2147 961 2211 ίσθι
982 2151 1113 2232 σεαυτῷ.

312 2232 428 2298 Οὐδενὶ
451 2233 663 2318 συμφωνήσει,
683 2232 717 2299 ὃς
737 2231 774 2294 οὐ
797 2237 961 2319 συμφωνεῖ
982 2234 1094 2317 ἐαυτῷ.

182 2347 183 2354 ¹
235 2312 266 2380 E.
305 2317 364 2383 Ἤν
377 2318 443 2382 ποτ’
459 2318 491 2388 ἐς
502 2317 675 2400 ἀνθρώπων
689 2317 798 2401 ἐσίδῃς
809 2318 976 2403 βίον,ἤθεα
988 2317 1013 2380 τ’
1029 2316 1145 2380 αὐτῶν·

313 2401 383 2487 Κγῖν
397 2403 485 2466 αὐτοὶ
497 2402 642 2486 μωμῶντ’
659 2401 785 2478 ἄλλους,
797 2409 856 2466 τῶν
871 2404 901 2467 δ”
916 2403 1158 2486 οότιςᾶμωμος·’

234 2509 259 2555 ς.
308 2485 1147 2573 Κτρσάμινοςβλαβερόντι,καὶείφίλονἐστλ,παραιτοῦ.

306 2571 398 2636 'an'
407 2571 452 2634 ότι
460 2569 1000 2657 δεῖπλοότοιοτάσόμφοραιτρόσθεν
1012 2569 1148 2634 ἑλέσθαι.

235 2653 266 2720 Ζ.
305 2655 364 2725 Ὡς
378 2655 470 2737 λόγος
484 2657 618 2739 αἱρῆται,
641 2657 752 2739 σεμνός
768 2660 872 2738 γενοῦ,
889 2658 946 2740 ἠδὲ
959 2656 1125 2738 προσηνής.

308 2739 363 2806 Ἐν
384 2745 483 2845 καιριγῦ
504 2742 602 2823 σοφὸς
613 2739 692 2823 ἦθος
712 2740 907 2822 ἀνεγκλήτως
929 2740 1126 2823 μεταβάλλει.

236 2820 270 2888 Η.
311 2824 512 2910 Μεμφομενγγ
538 2824 670 2892 δοόλους
693 2824 734 2906 μὴ
761 2823 837 2905 άγαν
859 2824 982 2886 πίστευε
1006 2824 1148 2906 δάμαρτι.

313 2908 471 2976 Πολλάκις
492 2909 733 2992 ἡσόλλεκτρος,
757 2908 791 2970 θν
814 2907 890 2992 ἀνὴρ
915 2909 1037 2992 φίλατο,
1054 2909 1147 2988 μισεῖ.

235 2990 267 3055 θ.
306 2993 364 3060 Ἦν
381 3017 448 3056 τινα
463 2992 640 3076 νουθετέγγς,
663 2995 679 3056 ό
699 2993 730 3056 δ’
745 2991 907 3076 ἐφετμέων
922 2992 978 3055 οῦκ
996 2989 1148 3074 ἐπακοόῃ,

312 3078 353 3144 Εἰ
373 3080 459 3162 μάλα
482 3101 530 3161 μιν
550 3078 661 3161 κραδίῃ
684 3077 812 3162 φιλέεις,
836 3077 877 3160 μὴ
898 3079 973 3158 λῆγε
996 3078 1148 3157 μενοινῆς.

236 3156 257 3224 l.
314 3163 368 3247 Μὴ
392 3161 530 3247 συνέριζε
552 3160 636 3245 λόγῳ
657 3167 721 3231 τοῖς
746 3162 889 3245 ἀνδράσιν
920 3157 1147 3244 ἀκριτομόθοις.

314 3248 397 3312 Πᾶσι
419 3246 511 3330 λόγος
533 3245 668 3323 δέδοται,
690 3247 784 3331 σοφίη
805 3246 839 3308 δὲ
858 3249 977 3330 φρενῶν
994 3243 1132 3325 ὀλίγοισι.

237 3326 283 3394 ΙΑ.
304 3331 366 3401 Ὣς
392 3330 508 3398 ἄλλους
526 3329 654 3413 φιλέειν,
675 3332 717 3399 ὣς
735 3332 788 3394 καὶ
810 3330 899 3414 φίλος
921 3328 999 3392 εἶναι
1020 3328 1134 3412 ἑαυτοῦ.

309 3415 370 3485 Ὣς
389 3418 536 3502 χρηστοῖς
558 3412 613 3477 ἔσο
632 3417 784 3500 χρηστός,
817 3415 902 3520 ὅπως
921 3414 1036 3500 βλάβος
1058 3412 1148 3476 οὐδὲν

861 3523 914 3560 πσ
976 3543 984 3560 .
1109 3537 1112 3544 .

237 3576 284 3644 lB.
315 3585 420 3665 Φεῦγε
435 3582 696 3667 νέουςθρόλλους,
705 3584 747 3666 μὴ
757 3520 1148 3686 καινοτόμοπςῃτςὶςάκοόσγγς.

316 3665 440 3735 Οὐδένα
459 3670 490 3750 γ’
508 3669 528 3749 ἡ
544 3668 624 3751 σιγὴ,
638 3670 673 3732 τδ
690 3670 826 3751 λαλῆσαι
848 3668 876 3730 δ’
890 3667 991 3753 ἤκαχε
1003 3667 1149 3731 πολλους.

238 3745 281 3813 ΙΓ.
312 3749 436 3816 Ἐλπίδ’
458 3753 647 3836 ἀπαγγελίης
669 3753 711 3900 μβ
735 3753 861 3836 ἑτοίμην
884 3752 993 3816 αὐτίκα
1016 3751 1105 3832 ἡγοῦ.

271 3884 275 3892 .
310 3835 354 3900 Ἥ
372 3836 470 3905 πίστις
491 3837 602 3920 σπανίη
622 3836 665 3920 γ’,
706 3860 734 3899 τι
751 3837 863 3900 πολλοὶ
877 3835 980 3901 πολλὰ
993 3835 1135 3898 λαλοῦσι.
