3000 4725
642 617 795 713 Q

257 758 385 850 Πάντας
406 746 583 868 φοβεῖσθαι,
604 787 694 846 πᾶσιν
712 783 746 852 δς
767 782 911 867 φοβερδς,
932 783 1045 869 χρειίιν.

256 867 400 934 Φειδοῦς
420 868 454 930 τδ
476 865 557 929 λιτόν
584 866 662 929 ἐστιν
688 866 808 935 ἐνδείας
830 866 913 935 ἄκος.

251 952 429 1035 Ἀρνητιῶν
453 952 608 1035 φειδωλὸς
631 949 718 1036 εῦρεν
739 951 848 1013 αἰτίαν.

254 1035 402 1118 Ἀρνεῖθ’
426 1035 540 1121 ἑαυτῷ,
561 1035 740 1119 δυσπόριστ’
762 1033 954 1117 αἰτούμενος.

253 1119 457 1204 Ἀτοπήματ’
480 1120 541 1188 αἰεὶ
566 1119 677 1203 μεγάλ’
699 1119 894 1182 ἀπιστεῖσθαι
918 1121 1011 1203 φιλεῖ.

255 1203 311 1291 Τῷ
337 1206 490 1289 δυστυχεῖ
510 1206 668 1289 κράτιστον
689 1205 858 1289 ἀπράγμων
882 1205 955 1288 βίος.

256 1287 364 1353 Οὐδὲν
385 1288 529 1373 ἀφελοίη,
551 1289 632 1371 πλὴν
656 1288 732 1373 ὅπερ
757 1287 885 1365 ἔδωκεν,
903 1288 992 1373 τάχη.

256 1371 323 1437 Τοῦ
346 1377 404 1436 νοῦ
422 1397 441 1434 κ
462 1377 606 1440 ατοῦντος
627 1372 739 1456 ὄμματ’
763 1372 824 1458 οὐχ
846 1373 1026 1457 ἁμαρτάνοι.

255 1456 371 1542 Μηδὲν
394 1395 524 1533 σθένειν,
543 1454 607 1519 ἔστι
629 1457 763 1521 θανόντα
783 1460 838 1541 ζῇν
860 1456 943 1520 τάδε.

256 1539 326 1606 Οὐκ
350 1541 429 1605 ἴδιον
452 1543 531 1624 ἡγοῦ
549 1541 583 1603 τό
605 1564 641 1623 γε
662 1542 801 1627 πεφυκὸς
823 1541 864 1624 μὴ
887 1540 998 1625 μένειν.

257 1623 297 1688 Τί
316 1626 442 1710 αἴσχιον
461 1625 606 1709 γέροντος
630 1625 663 1694 ὃς
683 1630 738 1709 ζῇν
764 1624 801 1709 άρ
827 1646 908 1701 εται;

254 1707 309 1773 Ἐν
334 1710 563 1817 ἁψιμαχίαιςὴ
589 1710 722 1795 ἀκρίβει’
747 1648 914 1773 δλιάθάνει.

258 1793 284 1857 Ω
310 1793 409 1879 {fimf
432 1816 578 1870 υποπτον,
601 1794 658 1857 οὐκ
681 1794 826 1878 ἐρειπίοις
849 1794 949 1857 θάνοι.
1032 1806 1034 1813 ’

259 1875 329 1941 Οὐκ
358 1877 491 1963 εὐτυχὴς
512 1877 582 1941 ἔσθ’
609 1878 689 1947 ὅστις
709 1878 769 1963 οίιχ
793 1878 877 1963 αὑτῷ
897 1880 991 1941 δοκεῖ.

259 1960 328 2027 Οίικ
353 1964 485 2045 ἀγαθὸν,
508 1961 586 2025 εἶναι
606 1968 661 2026 τοῦ
682 1968 783 2027 κακοῦ
805 1962 943 2045 κρείττω,
962 1965 1061 2027 καλῶ.

256 2044 339 2111 ’EM
367 2069 447 2110 ιστον
472 2046 530 2109 οὐκ
553 2045 621 2110 ἔσθ’
645 2046 719 2132 ὅπερ
744 2046 870 2110 ἔλαττον
896 2047 1042 2111 ἀπλέτου.

253 2128 329 2195 ,Οίικ
353 2154 418 2195 εστι
442 2131 480 2215 δή
506 2153 571 2208 σον,
594 2132 667 2195 ὅσον
687 2132 808 2215 ἐποίησ’
831 2130 957 2237 ἡτῦμη.

260 2212 305 2279 Τό
331 2239 383 2278 σοι
404 2217 643 2296 δυσαγκάλιστον
670 2215 776 2284 ἐπίθες
797 2216 914 2299 μηδενι.

262 2295 367 2364 Οὐδὲν
388 2298 458 2384 μέγ’
485 2298 558 2380 ἐστὶ,
579 2301 658 2384 πλὴν
682 2300 872 2385 ἀμίσθωτον,
895 2300 1000 2368 κακόν.

261 2381 367 2448 Οὐδὲν
389 2389 520 2448 τοσοῦτο
540 2384 660 2468 κέρδος,
681 2390 724 2454 ὡς
746 2386 855 2470 φειδὼ,
876 2384 976 2449 πέλοι.

259 2467 451 2537 Ἀκινδῦνως
472 2467 537 2548 οὐκ,
547 2467 611 2532 ἔστι
629 2469 771 2533 κινδύνου
793 2474 925 2553 κρατεῖν.

264 2550 310 2618 Οίι
339 2558 405 2621 τοῖς
426 2558 577 2636 παροῦσιν
602 2553 688 2623 ἐλπίς
709 2555 847 2639 ἀρκεῖται
867 2555 957 2638 κακή.

265 2635 334 2702 Oba
357 2639 487 2723 ἀτρεμεῖ
504 2637 578 2700 πάθ’
602 2640 622 2721 ἡ
646 2640 818 2723 συνείδησις
836 2639 926 2722 κακή.

264 2720 462 2808 Πειθαρχίας
480 2724 514 2785 τὸ
534 2724 628 2792 κῦδος
652 2723 770 2787 ἰσοῦται
790 2725 903 2806 κράτει.

264 2804 374 2892 Μέρος
393 2808 528 2917 χάριτος,
552 2807 686 2870 αἰτοῦσιν
711 2805 872 2892 ἀρνεῖσθαι
890 2807 978 2892 ταχύ.

265 2888 349 2976 Νικᾷ
373 2892 404 2954 δί
439 2889 532 2954 αἰῶν’
555 2893 574 2974 ἡ
598 2892 814 2976 φιλοικτίρμων
838 2889 936 2975 φύσις.

264 2971 380 3060 Κίμβιῖ
401 2976 514 3060 ἀφῆλιξ
539 2978 655 3060 μακρὸν
677 2977 713 3040 οὐ
739 2977 894 3062 βιώσεται.

266 3055 420 3144 Καθαράς
438 3061 473 3123 τδ
496 3061 582 3123 θεῖον
605 3064 723 3145 χεῖρας,
745 3058 782 3122 οὐ
805 3060 932 3142 πλήρεις
952 3060 1070 3122 σκοπεῖ.

259 3136 334 3207 Ὅσ’
355 3143 421 3206 δστὶ
443 3145 646 3228 μεταμελητέ’
673 3145 703 3207 ἐν
728 3148 838 3229 μακριῦ
860 3143 936 3247 βίιρί

263 3225 322 3296 Ὡς
343 3227 443 3292 οίκτον
464 3229 544 3292 αἰτεῖ
563 3230 604 3313 μή
624 3229 695 3292 ποτ’
712 3229 846 3296 οἰκτίσας
866 3233 980 3312 παροςί

269 3308 383 3381 Οὐδεὶς
399 3313 429 3376 τί
449 3313 578 3377 δύναταί
594 3313 626 3396 γ’
649 3313 727 3389 οἶδε,
746 3313 827 3396 πλὴν
848 3315 904 3375 πεῖ
923 3334 958 3374 αν
984 3311 1106 3396 λαβώνί

260 3391 321 3459 Ὧν
343 3397 451 3480 πρᾶξις
473 3397 597 3483 αἰσχρὰ,
621 3398 663 3481 μὴ
686 3398 772 3462 δόκει
794 3393 863 3460 τάδ’
884 3395 973 3459 εῦατο
1001 3419 1031 3459 α.

265 3477 322 3549 Ὡς
341 3483 510 3565 προπετὲς,
525 3483 584 3544 ἀπε
626 3481 683 3545 οὐκ
705 3481 804 3560 οἶδας,
827 3482 947 3544 ἀθετεῖν
970 3503 1087 3565 ακριτα.

261 3560 304 3630 Ὃ
327 3565 447 3643 ποθεῖς,
468 3564 553 3651 ἔχοις
574 3505 622 3643 άν,
642 3566 680 3650 ἢν
701 3565 784 3648 τόγ’
807 3564 937 3650 ἀρκέσον
958 3565 1070 3650 ποθῇς.

266 3648 335 3714 Ἀεὶ
359 3650 511 3736 φοβηθεὶς
532 3651 666 3735 κρίνεται
685 3647 763 3713 καθ)
786 3649 917 3735 ἡμέραν.

270 3731 338 3798 Ἀεὶ
356 3737 470 3799 κακίων
491 3736 513 3819 ἡ
535 3734 668 3799 ἐπιοῦσα
687 3738 740 3818 τῆς
761 3738 888 3819 προτοῦ.

271 3814 309 3881 El
331 3817 369 3881 τὰ
389 3820 458 3884 κάκ’
484 3821 552 3883 δνεῖ
568 3820 614 3895 οὶ,
636 3821 830 3903 πλημμελεῖς
848 3822 945 3882 ποιῦν
970 3817 1061 3880 καλά.
