3000 4725
600 658 751 754 „²33-

224 818 317 891 Μόλις
338 824 476 908 τυράννῳ
497 826 611 906 προῖκα
634 822 809 909 βασιλεύειν
831 821 929 906 θέμις.

224 902 338 990 Κόρδος
365 906 503 993 βρότειον
523 907 577 991 τὴν
598 907 693 992 τύχην
714 909 801 970 ποιεῖ
819 906 904 970 θεόν.

223 987 321 1075 Σοφός
343 1015 366 1077 φ
387 996 510 1055 ενοῦται
531 996 611 1054 τοῖσι
630 997 690 1054 τῶν
713 989 811 1059 πέλας
832 996 947 1061 κακοῖς.

223 1069 261 1138 Τδ
284 1079 346 1137 τῶν
367 1014 402 1151 έν
423 1076 495 1163 όψει
514 1076 621 1159 πτῶμ’
644 1074 920 1161 ἐπισφαλέστατον.

221 1154 365 1243 Ἐγείρετ’
389 1158 470 1246 ἔργῳ
491 1161 527 1223 τὸ
550 1163 657 1238 κακὸν,
681 1159 757 1225 ἀλλ’
781 1158 838 1222 οόκ
859 1158 996 1245 ἄρχεται.

221 1237 395 1326 Ὀλιγοστόν
417 1245 480 1308 ἐστι
502 1243 604 1323 τοῦθ’,
628 1245 704 1330 όπερ
727 1249 828 1323 ζῶμεν
850 1244 928 1329 βίου.

222 1324 340 1411 Πάτρας
364 1329 530 1413 στερόσκυιν
555 1328 646 1392 αὑτὸν
674 1330 739 1392 ἐστ’
765 1327 868 1411 ὀρθῶς
890 1328 998 1435 φυγάς.

219 1405 322 1475 Ῥέποι
342 1413 372 1496 γ’
398 1411 434 1476 άν
458 1413 501 1483 εἰς
521 1413 555 1476 τό
578 1415 683 1497 μωρόν
708 1413 825 1497 εόόγθης
846 1434 968 1496 τροπος.

219 1489 308 1579 Ῥᾷόν
334 1519 394 1581 περ
417 1496 502 1567 α’όξει
524 1495 549 1559 τ’
577 1497 690 1581 ἀξίωμ’
715 1499 735 1582 ἢ
756 1496 894 1581 ἄρχεται.

222 1574 308 1643 Ποιεῖ
327 1586 467 1666 προσηνῆ
489 1582 541 1645 καὶ
562 1583 613 1644 τόν
636 1578 902 1665 ἄγνωστοντύχη.

222 1658 407 1750 Τοόγιιλημα
450 1672 545 1751 εῖρον,
563 1667 669 1749 πρᾶξιν
691 1667 728 1751 ἦν
750 1668 847 1749 σιγᾷς,
867 1669 975 1735 ποιεῖς.
1001 1700 1004 1709 ·

223 1744 340 1819 Ψεῦδος
361 1690 529 1835 κακόφρων
554 1752 684 1835 διαβολὴ
705 1751 823 1836 ψευδὴς
846 1745 916 1832 έφυ.

218 1830 379 1978 Ὅύλμφησιν
401 1834 532 1981 ρἰδικεῖχ,
552 1836 729 1982 φυγοδικῖρν
750 1834 832 1980 ὀρτιτ
853 1837 949 1979 κρρεῖ.

223 1917 499 2066 ιιιβόέιέἰκῖόῖ
518 1941 691 2087 θλόαῆγῗ»
713 1940 835 2067 ἓὲόιῖλ
877 1939 946 2087 φόῗ·

223 2078 264 2146 Τὰ
283 2086 369 2171 ῥᾷστ’
396 2086 431 2150 ἂν
453 2086 550 2155 οἴσοις
572 2026 682 2151 καΤτόι
708 2088 844 2172 δυσχερῆ
868 2085 982 2171 φέρων.

224 2166 329 2253 Φέρειν
356 2171 479 2256 ἄφυκτα
498 2175 557 2234 τῶν
579 2178 694 2249 κακῶν,
720 2172 761 2255 μὴ
786 2172 949 2257 λοιδορεῖν.

225 2249 329 2337 (θέρων
353 2256 388 2319 τό
413 2257 546 2341 βλάπτον
570 2258 675 2321 καὶτὸ
696 2256 856 2340 σύμφορον
879 2254 994 2339 φέροις.

224 2329 264 2400 Τό
283 2339 407 2404 πλαστὰ
427 2342 504 2424 πρὸς
524 2340 575 2403 τόν
597 2338 673 2405 ῖδιον
696 2340 731 2405 ἂν
755 2341 869 2426 δράμοι
891 2340 1014 2425 τρόπον.
1120 2389 1122 2396 ,

224 2414 280 2504 Τὴν
300 2427 400 2488 πίστιν
424 2425 480 2501 οὐκ
502 2425 623 2489 ὀλέσειε
641 2427 720 2510 πλὴν
744 2430 760 2490 ό
786 2427 827 2510 μὴ
852 2424 945 2510 έχων.

225 2500 288 2593 Τέιρ
309 2509 455 2585 πέποιθε,
476 2510 573 2572 πύστιν
594 2510 676 2580 όστις
697 2512 833 2586 ὤλεσεν;

225 2584 280 2674 Τὴν
302 2595 401 2658 πίστιν
422 2592 535 2663 ὀλέσας
553 2595 583 2656 τι’
605 2594 742 2658 ὀλέσειεν
767 2595 802 2659 ἄν
826 2593 952 2678 πρόσω;

219 2664 306 2740 Ὅθεν
326 2676 404 2764 ἦλθ’
430 2677 579 2762 όμόφρυιν
604 2679 711 2752 πίστις,
734 2679 791 2742 οόκ
811 2678 983 2762 ἀνέρχεται.

220 2753 253 2820 Ὣ
274 2767 342 2826 αῖον
366 2761 449 2830 εἶδός
472 2761 536 2824 ἐστι
557 2762 673 2833 ἄλαλος
698 2763 851 2830 σύστασις.

226 2838 263 2906 Τυ
286 2870 304 2931 η
328 2847 476 2934 βροτείων
498 2851 592 2933 κῦρος
607 2848 663 2911 οόκ
685 2846 753 2933 ἔχει
773 2846 906 2932 τρόπων.

220 2869 329 3014 ὌΤβος
354 2931 450 3014 μέγας
471 2931 631 3016 δούλευμα
652 2933 748 3018 κυρίῳ
770 2931 859 3015 μέγα.

227 3007 331 3079 θόδενὶ
353 3015 431 3100 τύχη
455 3015 577 3079 δύναιτο
600 3021 654 3100 τῆς
676 3018 791 3102 βουλῆς
811 3013 915 3077 πλέον.

226 3091 310 3162 Ποιεῖ
328 3099 507 3184 παραπλῆγ’
531 3101 551 3182 ἡ
576 3101 653 3186 τύχη
678 3101 833 3164 θάλπουσ’
855 3097 941 3181 ἄγαν.

220 3169 314 3255 ”Anat
338 3183 504 3268 ἐνοχλούσ’
527 3183 565 3247 οὔ
584 3208 642 3248 τινι
664 3184 782 3269 στέργει
803 3184 891 3268 τύχη.

228 3260 331 3352 θέλγει
351 3269 429 3351 τύχη
452 3269 589 3331 σαίνουσ’
614 3269 686 3333 όταν
754 3273 851 3353 ρητιᾷ.

226 3341 316 3436 Χάρις
335 3355 469 3416 πολιτῶν
490 3355 566 3436 πρός
587 3353 624 3416 τὰ
643 3359 697 3438 τῆς
716 3378 750 3417 τυ
774 3376 812 3437 ης
834 3350 930 3437 ῥέπει.

249 3436 393 3523 τιλβουσα
416 3435 570 3519 θραυστόν
596 3438 674 3501 ἐστιν
700 3442 743 3507 ὡς
766 3439 856 3504 υελος
877 3435 965 3520 τύχη.

229 3510 308 3605 Τύχη
333 3523 441 3584 δίδωσι
459 3525 581 3607 χρῆσιν,
604 3523 641 3585 οό
664 3523 768 3604 κτῆσίν
791 3541 880 3588 τινος.

231 3677 326 3774 Τύχης
350 3690 503 3777 λαβέσθαι
526 3691 644 3775 μᾶλλόν
666 3691 757 3766 ἐστιν,
780 3690 799 3772 ἢ
822 3691 953 3774 κρατεῖν.

229 3761 404 3859 Νόσφισμύς
424 3775 552 3854 έστιν,ὃ
578 3776 635 3840 οόκ
657 3773 692 3839 ὀν
714 3775 875 3858 ἀποδοίης,
890 3773 1006 3858 λαβεῖν.

232 3846 358 3944 Παύρυν,
377 3860 505 3924 κολούει
527 3863 616 3945 μῖσος
636 3861 657 3945 ἡ
682 3859 780 3943 πυκνὴ
802 3858 880 3944 δίκη.

894 3971 932 4032 λθ
