3000 4725
610 616 763 711 23—5

274 781 373 858 δίδου,
395 781 434 844 τὰ
458 782 672 866 δυσβάστακτα
693 787 746 865 τῆς
767 782 866 866 ἀρχῆς
888 783 966 867 βάρη

273 864 413 929 δούλοισι
432 869 560 973 πιστοῖς,
580 867 609 931 τ’
632 867 771 972 άσφαλὲρ
792 870 846 929 τοῦ
867 870 924 931 σού
946 868 1014 952 βιοῦ

270 950 847 1118 ἰίέῗίς’ζόίθρῗθοὶθίὲἶαθύῖῗέθς
860 972 972 1119 ῗειέῗυ

270 1120 404 1202 κράτους
428 1118 544 1203 ὁμοίως
567 1116 718 1184 Κελτικοῦ
739 1118 777 1183 τὰ
798 1119 852 1181 καί
872 1141 903 1182 ια

270 1205 336 1271 ταῖς
362 1206 430 1272 σαῖς
450 1203 609 1287 μερίμναις
628 1205 781 1289 ἀσφαλῶς
803 1141 956 1286 ἐπίίτρετε.

271 1287 288 1350 δ
311 1284 431 1371 κύαμος
450 1288 469 1370 ἡ
491 1286 631 1371 εὐγένειά
652 1289 678 1351 τ’
704 1288 836 1371 ἀλκίμου
857 1285 979 1371 τρόμου

270 1369 305 1434 τύ
319 1371 351 1434 τ’
379 1372 502 1454 ἀξίωμα
520 1374 615 1436 καλὸν
640 1372 813 1444 ἐξετάζεται

271 1455 305 1519 ἐκ
325 1460 384 1520 τοῦ
407 1455 516 1541 δικαίῳ
534 1457 654 1521 πλείον’
676 1458 696 1541 ἢ
719 1456 845 1541 πλούτιμ
867 1454 981 1539 νέμειν,

290 1541 389 1625 ουλὴν
408 1538 439 1602 τ’
463 1539 587 1625 ἀρίστην
610 1540 729 1625 πρύσθε
749 1545 810 1603 τῶν
832 1541 942 1623 δώρων
967 1536 1061 1622 ἔχειν,

291 1647 336 1693 τις
357 1626 397 1687 τά
418 1621 449 1686 τ’
471 1624 581 1706 ὀπίσω,
606 1626 643 1689 τά
663 1649 696 1689 τε
719 1626 778 1709 πρὸ
802 1628 868 1700 τοῦ,
890 1622 1000 1686 τὰνῦν
1024 1622 1058 1685 θ’
1075 1620 1145 1709 δρᾷ.
1167 1660 1170 1671 ·

270 1707 369 1856 νύρος
390 1708 424 1771 δὲ
445 1708 496 1771 καὶ
517 1710 551 1772 τὸ
571 1710 814 1795 δυσπαραίτητον
833 1707 942 1792 νύμου,

270 1816 310 1857 κα
346 1796 408 1857 τῶν
430 1793 570 1856 παλαιῶν
592 1794 695 1879 κύριαι
720 1792 807 1865 δύίαι
829 1794 935 1876 σοφῶν

271 1878 401 1941 ἕκαστον
426 1875 605 1961 ἑντρέτοοσι
626 1879 764 1962 κοσμίως
784 1879 879 1963 βιοῦν,

270 1962 308 2025 τὰ
331 1960 491 2044 συγγενῶν
509 1984 542 2024 τε
565 1962 685 2047 χρηστὰ
708 1960 960 2046 σωφρονίσματα,

270 2044 305 2131 χ’
327 2047 349 2129 ἡ
374 2044 602 2109 νουθετούντων
624 2045 746 2132 φροντὶς
769 2044 914 2129 ἐντρεχὴς
937 2043 1046 2129 φίλων,

271 2132 288 2210 δ
316 2130 479 2212 δυσμενῶν
501 2152 534 2193 τε
553 2132 731 2214 κατάγελως
752 2130 790 2193 τὰ
818 2129 984 2233 σφάλματα

270 2236 331 2404 ύύθν
345 2236 394 2376 δχξ
397 2214 952 2405 21325:132111223pffgfiavossgpggwgs
960 2298 986 2363 τ’
1014 2297 1105 2388 ἄκρα,

270 2404 628 2551 θύύούθςπύύύύύθιύςηάὶ
640 2385 993 2555 νγεούλεύύθοερεύύθσιιὲύένες,

270 2550 341 2634 ἥτ’
368 2549 564 2638 αύταδέλφου
587 2553 765 2638 τιστύφρων
790 2551 905 2634 ὁμιλία,

270 2637 322 2699 καὶ
345 2640 407 2698 τῶν
430 2637 549 2720 λεῶνὴ
576 2639 698 2723 φροντὶς
718 2637 867 2719 εὐπειθὴς
889 2638 983 2719 πάρα.

234 2720 306 2800 πρὸς
329 2724 386 2783 τοῦ
409 2721 530 2784 τελείου
574 2721 707 2790 οισιλέως
728 2723 780 2785 καὶ
802 2726 968 2804 νητρεκούς

273 2800 355 2868 ἔστιν
379 2805 508 2892 φιλῆσαι
529 2829 545 2868 τ
569 2829 583 2868 ν
604 2806 700 2890 δίκην,
731 2803 805 2892 σάφ’
829 2802 913 2868 οἶσθ’
938 2803 995 2889 ύτι,

274 2887 367 2971 ρύσαι
390 2910 423 2950 τε
444 2889 553 2994 πλήθγ
572 2895 626 2973 τῆς
649 2888 832 2973 ἐπειγούσης
854 2888 938 2970 δύης,

272 2971 414 3056 ἀγαθοὺς
435 2973 490 3056 μὲν
514 2976 627 3055 αυξειν,
648 2976 699 3040 καὶ
720 2972 934 3051 κολούσασθοιι
958 2969 1083 3048 κακούς,

272 3059 386 3142 κράτος
407 3063 550 3142 πατρῷον
573 3061 626 3143 τήν
649 3081 682 3122 τε
702 3063 758 3142 γῆν
781 3055 973 3132 ἐπαυξάνειν,

270 3140 357 3208 τοῦτ’
384 3139 423 3207 σύ
448 3144 618 3228 μονάρχην,
640 3145 734 3226 δῆλον
759 3146 802 3210 ῶς
819 3143 908 3225 τηρεῖ
925 3137 1032 3223 μέγαν.

235 3221 432 3311 ύτάνσοφ’,
450 3224 483 3290 εἴ
503 3250 551 3292 σοι
571 3225 686 3300 Μοῦσα
705 3225 863 3311 παρθένου
885 3223 984 3308 μίλει,

272 3309 361 3380 ἐλπὶς
381 3312 415 3374 τὸ
440 3311 547 3379 λοιπύν
571 3311 663 3390 ἐστιν,
682 3315 725 3380 ῶς
748 3311 891 3392 διάξομαι

271 3393 412 3460 κλύουσά
437 3417 496 3478 μου
524 3398 688 3480 μολπαῖσιν
712 3393 930 3478 ἐντονωτέραις

273 3479 307 3544 τύ
331 3477 360 3543 τ’
375 3477 517 3564 ἐνάρετον
539 3486 607 3556 σού,
629 3481 683 3565 τήν
705 3479 732 3542 τ’
756 3479 897 3561 ἀοίδιμον
919 3479 1018 3562 χάριν.

274 3562 351 3628 ὥστ’
375 3564 418 3632 τίς
438 3565 472 3628 τὸ
495 3563 609 3647 μέλλον
633 3566 666 3627 αἱ
686 3563 776 3650 κύραι
797 3561 977 3647 Πικταβίδετ

273 3651 350 3734 τρδς
372 3643 507 3718 Κλάνιος
530 3647 640 3734 ὄχθαις
663 3646 748 3732 μύρί
773 3645 898 3732 οἴσονται
920 3647 1011 3732 μέλη.

317 3747 446 3867 Ε’Ἃῖ
464 3746 575 3866 ῘΞἫ
588 3763 630 3867 :3¹
640 3743 967 3870 &mffl‘kssnffnffiss
988 3746 1070 3813 ¹¹''¹⁸'
1085 3757 1147 3810 Μ’
