3000 4725
791 648 831 711 84

354 818 496 880 (lectibus
517 818 646 877 inseruit
668 818 779 893 pietas,
801 817 946 892 caeloque
967 818 1122 879 fruuntur:

353 905 445 964 Hunc
466 921 599 963 summos
621 902 761 961 meritum
785 902 904 960 virtutis
925 903 1047 961 nomine
1068 905 1171 965 fasces

353 991 438 1048 Inter
459 990 625 1047 honoratos
646 987 784 1046 admittat
807 985 899 1046 Curia
920 986 1040 1047 Patres.

353 1074 479 1133 Iuridiei
499 1079 599 1131 coctus
623 1074 749 1131 secretis
774 1072 892 1130 actibus
912 1072 1004 1152 adsit,

353 1160 391 1217 In
409 1159 510 1217 medie
531 1158 625 1215 faeiat
645 1158 794 1216 facundus
815 1158 909 1215 verba
928 1155 1053 1217 Senatu.

353 1244 458 1303 Nullis
481 1242 628 1301 occulitur
648 1242 743 1302 virtus
767 1260 920 1319 generosa
939 1243 1087 1315 tenebris,

355 1328 561 1405 Conspicuam
582 1328 725 1400 fundens,
747 1327 868 1385 Pharos
889 1334 923 1384 ut
943 1326 1091 1400 Nilotica,
1113 1329 1226 1388 lumen.

353 1413 421 1473 Nec
442 1413 609 1484 Puteanus,
638 1431 726 1489 opem
748 1430 841 1486 quum
860 1411 949 1486 lapsa
970 1413 1095 1489 negotia
1112 1420 1264 1488 quaerent,

353 1500 513 1577 Ignoratus
537 1498 607 1567 erit3
635 1496 733 1554 dubiis
758 1515 827 1553 nam
848 1496 985 1571 protinus
1010 1496 1096 1555 illurn

353 1584 460 1643 Rebus
480 1583 652 1658 Aquitanae
671 1580 771 1659 gentis
795 1581 834 1638 ad
854 1581 921 1638 iura
942 1591 1117 1657 reposcent:

354 1668 461 1742 Quum·
474 1668 545 1725 lecti
567 1666 713 1725 Proceres
739 1665 860 1742 augusti
881 1668 1018 1723 membra
1039 1665 1185 1727 Senatus

353 1754 456 1813 Exeiti
472 1752 606 1809 lacrimis
630 1751 867 1825 afflictorumqne
888 1749 1019 1823 querelis

353 1839 532 1915 Incorrupta
549 1836 664 1893 dabunt
686 1854 837 1912 oppresso
858 1834 1130 1910 iura‘Garumnae,
1162 1888 1169 1897 .

354 1924 459 1982 Mollia
480 1928 671 1998 praestantes
694 1923 810 1979 securis
831 1919 893 1977 otia
914 1920 1014 1977 terris.

353 2011 413 2067 Ast
434 2008 491 2066 hos
512 2006 630 2083 pacatis
651 2013 825 2081 repetentes
840 2004 941 2081 patria
960 2005 1052 2063 rebus

354 2091 479 2151 Moenia
499 2090 603 2148 feralis
627 2097 793 2166 tempestas
817 2090 912 2148 civica
933 2089 1007 2148 belli
1029 2146 1034 2162 ¹

353 2176 506 2252 Excipiet.
531 2173 660 2247 Quantis
682 2175 813 2233 iactatos
833 2174 888 2231 illa
909 2173 1055 2251 procellis

354 2262 473 2320 Heroas
497 2277 631 2317 summos
654 2260 740 2317 varia
761 2260 792 2318 in
814 2259 991 2317 discrimina
1010 2258 1117 2331 mittet,

355 2345 491 2422 Quorum
511 2363 581 2420 pers
603 2343 858 2403 Puteannseritl
879 2342 959 2417 Quid
981 2351 1101 2403 caetera
1119 2365 1215 2421 porro
1322 2394 1323 2417 ,

354 2429 546 2507 Persequar?
566 2437 619 2486 aut
632 2430 734 2505 potius
755 2448 807 2487 cur
828 2430 906 2487 facto
927 2431 988 2488 fine
1010 2429 1152 2504 quiesco?

355 2516 449 2574 Plura
468 2515 567 2572 Deam
589 2533 758 2572 memorare
779 2514 905 2590 (etenim
928 2534 1095 2572 memorare
1117 2515 1245 2590 libebat)
1322 2520 1323 2535 ¹

354 2603 395 2660 Et
416 2600 514 2672 dolor,
538 2607 568 2656 et
590 2599 673 2656 taciti
690 2600 786 2658 vetuit
805 2619 891 2658 mens
915 2601 1036 2659 conscia
1057 2600 1122 2658 fati.
1322 2670 1323 2673 Ἴ

355 2689 406 2745 Me
414 2703 542 2761 quoque,
551 2703 640 2758 quam
648 2685 786 2742 meritum
794 2685 919 2760 grande,
927 2682 1130 2744 etreverentia
1138 2703 1263 2756 morum,

355 2776 454 2846 Atque
476 2769 533 2828 viri
553 2769 648 2827 virtus
670 2770 727 2828 huc
746 2769 918 2845 perduxere
937 2777 1106 2840 canentem,

355 2856 418 2916 Hei
439 2855 524 2927 mihi,
546 2873 636 2929 quum
658 2855 795 2912 morbum
818 2872 1018 2929 supremaque
1040 2855 1142 2931 cogito
1165 2854 1259 2927 fata,'

355 2942 420 3002 Hei·
437 2939 530 3010 'mihi;
551 2939 692 2996 deficiunt
711 2939 801 2996 vires.
828 2937 896 2996 Nec
916 2938 1005 3014 plura
1024 2939 1123 2998 locuta

355 3026 560 3101 Melpomene,
581 3023 775 3098 lacrimisque
796 3041 900 3099 genas·
914 3023 1038 3100 oppleta
1058 3031 1210 3083 tumentes

356 3111 478 3182 Haesit,
495 3118 535 3166 *et
547 3109 646 3167 effusi
669 3107 818 3166 contraxit
840 3107 909 3165 vela
929 3108 1054 3167 doloris.

304 3217 307 3222 ·
358 3195 544 3273 Cupressum
566 3195 664 3253 crines
688 3193 796 3250 iterum
818 3211 875 3267 pro
897 3193 1013 3269 virgine
1034 3193 1134 3264 lauru,

356 3280 417 3338 Pro
437 3279 526 3336 laetis
545 3276 661 3336 humeri
683 3277 834 3335 velamina
853 3276 955 3335 tristia
977 3284 1108 3336 sumunt.

401 3362 466 3436 Quo
485 3382 545 3434 me,
565 3360 656 3434 Diva,
679 3362 763 3440 gravi
785 3360 959 3436 perfossum
980 3370 1106 3438 pectora
1128 3379 1200 3418 eura

357 3448 498 3520 Deseris,
519 3448 735 3522 infandamque
758 3447 845 3503 iubes
867 3466 1015 3505 renovare
1036 3447 1167 3518 ruinam,

359 3531 495 3610 (luipar
515 3551 578 3590 non
600 3533 715 3589 lucram
737 3531 875 3588 flendae?
897 3530 978 3604 Quid
995 3532 1121 3590 fulmine
1142 3537 1225 3588 tanto

356 3619 491 3698 Dignum
515 3615 695 3692 concipiam,
719 3617 767 3673 cui
790 3615 988 3693 singultantia
1006 3618 1099 3676 verba

358 3705 419 3763 Vix
437 3701 536 3760 medio
554 3701 665 3778 gemitu
687 3720 747 3760 vox
771 3701 939 3778 intercepta
961 3701 1133 3761 ministrati

357 3791 500 3867 Ignosce,
524 3805 542 3844 o
562 3786 658 3844 nostri
679 3785 763 3844 sidus
782 3787 975 3845 memorabile
998 3787 1083 3858 secli,

359 3873 394 3935 Si
409 3894 464 3952 pro
483 3871 678 3943 carminibus,
696 3878 870 3958 truncatum
889 3891 1045 3932 murmura
1065 3889 1184 3941 vocum,
