3000 4725
741 592 894 686 Α

358 755 575 902 Σπανιιύτερος
596 755 750 824 Φοίνικος.
768 753 824 819 Ἐκ
844 754 995 839 στὸματος
1014 755 1120 820 λύκου.

359 840 501 924 Σπάρτης
541 839 781 925 λευθερώτερος.
800 839 943 904 Γλαύκου
966 839 1071 925 τέχνη.

358 923 483 1007 Σπείρει
506 924 642 1007 κύμινον.
667 923 731 1034 Σχ”
813 926 866 989 καὶ
886 924 961 1008 τριύν
983 927 1070 988 ολον.

359 1006 524 1071 Σπεύδοντ’
548 1009 693 1093 ὀτρύνεις.
714 949 849 1092 mali
872 1005 1059 1093 Ταρτησσία.

358 1091 541 1178 Συβαριτικῆ
565 1095 712 1177 τράπεζα.
734 1092 888 1178 Περδίκου
914 1093 1031 1161 σκέλος.

358 1175 543 1262 Σύμβουλος
563 1178 645 1262 ἱερὸν
665 1182 782 1262 χρῆμα.
805 1176 932 1261 Μάρτυς
953 1175 1086 1242 οἴκοθεν.

359 1259 535 1345 Συρακοσία
554 1264 700 1346 τράπεζα.
727 1261 841 1331 Δοῖδυξ
866 1262 1000 1331 αὐξάνει.

359 1342 407 1409 Τὰ
427 1347 509 1410 καλὰ
526 1348 661 1431 χαλεπά.
685 1342 748 1429 Τῆς
764 1345 957 1430 Ἀμαλθείας
976 1345 1078 1430 κέρας.

359 1426 422 1493 Τᾶν
445 1435 607 1515 πορφυρᾶν
631 1429 805 1515 λιχνότερα.
829 1428 858 1493 Κ
880 1432 1023 1513 αυχοίζεις
1037 1426 1147 1494 Ὕλαν.

359 1509 423 1583 Τὰς
446 1515 481 1577 ἐκ
502 1514 661 1599 φαρέτρας
680 1517 827 1599 ψηφιδας.
851 1454 917 1598 ίύύρ
940 1538 984 1583 εις
1000 1520 1115 1579 κακῶν.

359 1593 481 1684 Ταχεῖα
503 1599 603 1662 πειθὼ
627 1606 687 1662 τῶν
711 1600 895 1663 κακῶν..Δι’
916 1621 1061 1684 αρματος.
1094 1670 1096 1673 ,

359 1677 482 1768 Τελχίν.
506 1680 581 1746 Βίον
603 1687 643 1768 ζῆ
662 1683 835 1767 πνεύμονος
856 1684 1033 1748 θαλαττίου.

359 1764 532 1850 Τεμεσαῖος
551 1769 645 1852 ἥρως.
670 1765 769 1836 Ούτος
791 1767 887 1837 ἄλλος
904 1766 1071 1852 Ἡρακλῆς.

358 1848 501 1934 Τήνελλα
522 1853 704 1921 καλλίνικος.
729 1849 774 1916 Οὐ
795 1853 822 1915 δ’
846 1853 928 1916 οὕτω
949 1857 1062 1919 κακῶς.

358 1932 423 2018 Τῆς
443 1937 567 2020 μητρὸς,
590 1938 694 2020 ὥσπερ
719 1937 779 2012 αἲξ,
802 1940 896 2021 καλῇ.
918 1936 1072 2003 θανάτους
1093 1933 1178 1998 ὄνου.

358 2016 398 2082 Τί
420 2022 502 2104 πρὸς,
516 2020 569 2082 τὸνΙ
583 2017 702 2104 Ἑρμῆν
708 2044 718 2097 ;
731 2018 826 2090 Ὄνος
844 2020 927 2103 ἄγων
950 2022 1113 2106 μυστήρια.

359 2099 399 2166 Τί
417 2109 550 2188 πρῶτον,
571 2105 590 2187 ῆ
615 2105 644 2168 τί
662 2106 808 2182 ύστατον;
829 2103 962 2169 Βολίτου
985 2105 1064 2187 δίκη.

359 2185 399 2251 Τί
418 2210 467 2250 σοι
489 2186 653 2252 Ἀπόλλων
675 2188 864 2274 κεκιθάρικ’;
881 2189 1005 2274 Ἄργου.
1020 2190 1129 2273 λύρας.

359 2269 481 2335 Τίλλειν
505 2273 675 2357 φαλακρὸν.
696 2274 806 2344 Ἀετὸς
828 2274 951 2369 ρεύηων
971 2273 1074 2338 λύκον.

361 2352 404 2420 Τὸ
425 2362 482 2442 ηρῦ
504 2357 631 2427 Δίωνος.
655 2354 715 2422 Τὸν
737 2359 841 2429 Εύοντ’
863 2359 1019 2431 ἀναξύειν.

360 2437 404 2506 Τὸ
428 2442 544 2530 θερμὸν
565 2444 688 2531 ὸβελού.
714 2441 748 2507 Τ’
771 2444 932 2529 ἀλλύπριον
958 2446 1041 2528 άμᾷς
1060 2443 1164 2529 θέρος.

360 2521 404 2591 Τὸ
424 2526 572 2591 θετταλὸν
596 2528 745 2613 σόφισμα.
770 2528 932 2613 Πελλήνης
948 2531 1054 2613 χιτών.

360 2605 404 2673 Τὸ
429 2616 545 2695 σχᾶμα,
567 2613 618 2675 καὶ
642 2614 676 2677 τὸ
703 2613 798 2696 βᾶμα.
821 2612 1037 2693 Μελλονικιῆν.

360 2689 404 2757 Τὸ
427 2696 585 2783 Φρυνίχου
608 2699 781 2781 πάλαισμα.
801 2698 950 2783 Σαρδύιος
969 2697 1079 2781 γέλως.

360 2773 512 2864 Τραχικὸς
531 2781 673 2866 πιθηκος.
694 2779 919 2868 Εὐγενέστερος
940 2780 1077 2865 Κόδρου.

360 2857 557 2949 Τραχιμδικὸν
581 2866 741 2951 βλέπουσι.
765 2865 845 2936 Θεὸς
868 2868 1025 2949 ἀνενὸεής.

360 2942 555 3033 Τρικέφαλος
572 2948 702 3035 Ἑρμῆς.
727 2949 791 3015 Τοῦ
815 2953 931 3036 πατρὸς
951 2952 985 3014 τὸ
1007 2951 1142 3014 παιδίον.

360 3025 475 3179 Γξρίψαι
496 3033 675 3118 πρόσωπον.
694 3034 814 3118 Ὁμύσε
832 3041 948 3122 χωρεῖν
969 3040 1014 3120 τῷ
1032 3034 1149 3121 χρόνῳ.

357 3111 365 3133 ‘
395 3118 454 3202 χρὰ
475 3118 586 3182 δίαιτα.
606 3118 774 3203 Παρδαλῆν
799 3120 981 3205 ἐνημμένος.

353 3192 460 3287 Ὕὸωρ
485 3202 578 3286 μένει.
602 3203 666 3288 Πρὸ
689 3208 743 3288 τῆς
765 3207 841 3291 βοῆς
864 3205 1005 3270 σπεύδων
1030 3204 1132 3273 λύκος.

357 3280 623 3371 Ὑπερβερεταῖος.
647 3286 745 3358 Αὖθις
768 3288 807 3353 αὖ
828 3288 959 3354 Πυθῶὸ’
984 3290 1065 3357 ὸδύς.

357 3364 560 3456 Ὑποσχέσεις
582 3371 736 3457 Χάρητος.
750 3372 809 3443 Ὗς
833 3375 1020 3458 ἐκώμασεν..

351 3450 411 3523 Ὗς
432 3456 486 3539 τὴν
505 3454 653 3541 Ἀθηνᾶν.
672 3455 712 3521 Ἡ
734 3460 826 3543 χάρις
845 3461 934 3544 χάριν
957 3458 1055 3544 φέρει.

362 3538 685 3626 Φορμοβραρούμεθ’.
707 3539 904 3628 Εὐλαβεῖσθε
924 3544 975 3607 τὸν
997 3544 1086 3607 κύνα.

362 3622 504 3688 Φύλαττε
527 3628 578 3689 τὸν
601 3626 743 3710 θώρακα.
768 3624 897 3697 Τιτᾶνας
915 3630 1029 3696 καλεῖς

362 3707 448 3795 Φρὸξ
473 3711 567 3794 μηδὲν
590 3710 679 3794 ῆττον
703 3710 891 3796 Σπινθάρου.
917 3710 1002 3780 Βοός
1024 3712 1057 3774 έν
1077 3712 1177 3777 πύλει.

362 3792 506 3863 Φύκειος
529 3792 648 3879 ἔρανος.
668 3793 709 3859 Ἡ
731 3799 906 3881 χαρύινειος
927 3796 1018 3881 θύρα.
1091 3824 1097 3829 ·
