3000 4725
636 660 787 755 Q

261 826 405 889 Inmanes
425 829 549 907 indepte
570 848 588 887 a
608 826 688 902 Diis,
711 828 903 890 Salisubsule
923 830 1027 904 Liber,

260 912 378 973 Mavors
397 913 559 988 Nerienes,
582 914 712 973 Volcani
733 916 854 992 purime
875 914 986 973 virtus:

260 996 297 1057 Et
314 998 381 1057 Dea
398 999 585 1077 Spumigena
604 1020 703 1059 rerum
722 1000 841 1059 infinita
861 1006 1010 1075 potestas.

261 1082 298 1141 Et
317 1090 349 1141 tu
371 1086 463 1143 etiam
474 1086 675 1162 omnipotens,
694 1085 766 1144 Rex
775 1085 907 1144 maxime
920 1082 1169 1145 Summanorum:

259 1166 337 1225 Diva
356 1170 494 1243 Iuventa,
519 1170 671 1243 Paruuda,
691 1171 816 1230 neronis
838 1169 965 1227 numina
986 1168 1092 1247 Sangi,

168 1278 169 1285 ¹
259 1251 406 1313 Iustitiam
427 1262 595 1334 augustam,
614 1263 703 1331 atque
724 1263 883 1333 augustam
901 1254 1062 1328 Pietatem,

261 1337 414 1413 Obtestor,
436 1359 592 1417 pusasque
611 1341 691 1400 viras
712 1348 743 1398 et
763 1339 889 1399 numina
908 1339 1017 1412 Fauni,

258 1422 464 1500 Iunonemque
487 1443 606 1484 sacram
628 1427 714 1485 Iovis
738 1420 947 1501 omnipotenti’
969 1426 1120 1498 maritam,

168 1552 169 1565 ,
259 1508 982 1585 Mammuriamquealmamor0,Novensilesque
1005 1508 1169 1584 Camenas,

168 1608 169 1634 ¹
260 1592 506 1671 Temperiasque,
527 1595 783 1671 venustatesque,
804 1594 947 1670 Annique
965 1594 1100 1654 labores.

168 1686 169 1755 j
259 1676 408 1739 Latonum
433 1680 633 1739 cincinnatum
658 1700 725 1753 oro,
748 1688 779 1739 et
800 1680 943 1738 Murtiam
963 1698 1133 1754 amoenam,

168 1814 169 1829 ,
258 1765 428 1843 armigeros
453 1763 564 1837 Salios,
587 1766 794 1838 Lucumones,
816 1764 1073 1840 Gruuduliosque,

257 1850 352 1924 Atque
377 1858 467 1927 potes
489 1850 600 1924 Divos,
621 1851 706 1909 Iovis
728 1850 901 1907 immortale
921 1869 1115 1927 propagmen.

167 1956 170 1982 ι
256 1932 416 2011 Idaiosque
441 1933 599 2008 Camillos,
625 1943 655 1993 et
675 1936 824 2012 sirempse
845 1934 979 1993 Deorum

168 2096 169 2101 ἵ
257 2018 436 2079 Mercurium
456 2038 627 2093 accensum,
658 2028 689 2077 et
708 2020 812 2078 Iuritis
835 2020 1066 2092 cortumionem,

167 2108 170 2193 j
257 2102 295 2163 Et
314 2113 434 2164 noctem
456 2105 567 2163 Maiam
589 2107 733 2177 obtestor,
754 2105 913 2179 lucemque
932 2104 1006 2162 diei:

167 2244 170 2262 ,
258 2188 333 2248 Tum
356 2190 485 2263 Fidium,
512 2201 574 2247 tum
595 2190 655 2249 Fas
681 2198 711 2248 et
731 2190 853 2249 Festum
876 2190 942 2247 iura
964 2190 1127 2247 dstantem.

167 2306 170 2331 t
258 2271 477 2349 Saturnumque
498 2282 528 2333 et
548 2275 664 2352 Opem,
677 2276 828 2352 pallaque
847 2274 999 2334 Veniliam
1019 2275 1169 2345 amictam,

167 2377 169 2400 ¹
258 2359 472 2436 Oceanumque
494 2379 570 2420 voco
595 2381 748 2440 magnum,
772 2361 949 2438 Oceanique
965 2361 1095 2438 puellas,

166 2443 169 2540 ,
256 2445 294 2504 Et
312 2447 395 2505 vires
413 2444 602 2520 Telamonis,
622 2455 652 2504 et
672 2447 750 2506 Aevi
770 2447 893 2506 saecula
912 2447 1008 2519 fessa,

167 2581 169 2612 ,
257 2529 457 2609 Tempusque
466 2539 727 2606 aeternum,atque
739 2532 862 2608 paludis
873 2532 1010 2608 sagmina
1019 2533 1169 2589 Avernae.

167 2651 169 2664 ›
256 2615 501 2690 Mulcibercsque
521 2616 618 2689 Deos,
638 2616 800 2690 lumenque
818 2616 937 2674 illustre
958 2617 1108 2688 Monetae,

167 2721 169 2748 ÷
256 2699 295 2759 m
306 2702 430 2759 Manum
439 2699 580 2772 Genium,
590 2709 678 2774 atque
688 2701 798 2759 Inuum
811 2699 983 2758 mortalium
993 2699 1170 2771 homonum,

256 2784 477 2859 Coelestcsque
498 2786 590 2845 Ioves
612 2793 702 2861 atque
724 2786 844 2857 Aerios,
867 2792 897 2841 et
920 2789 1087 2858 Aquantes,

256 2870 433 2930 Terrestres
452 2870 553 2942 etiam,
581 2877 612 2928 et
632 2868 814 2930 Summanos
838 2869 1043 2946 Igniviosque,

166 2997 169 3012 .
255 2955 296 3014 nt
317 2955 481 3028 Semelam,
505 2963 535 3013 et
553 2954 658 3012 Brumi
678 2955 818 3012 sanantes
837 2954 895 3011 rite
918 2954 1066 3010 cohortes.

167 3031 168 3046 ¹
256 3041 404 3100 Matutam
422 3041 611 3113 Albnmeam,
629 3039 886 3114 Portumuumque
905 3038 1150 3113 omnipotentem.

256 3125 296 3184 Et
318 3125 465 3186 Graecam
485 3123 654 3198 Nemesim,
679 3132 709 3182 et
729 3143 842 3182 numen
863 3120 1018 3182 Victoriae
1042 3122 1129 3180 Aias.

256 3209 324 3269 Nec
344 3229 404 3268 non
427 3210 576 3285 patrinum
595 3210 760 3270 coelestem
778 3209 972 3283 Aesclapium
992 3207 1129 3265 amicum.

256 3295 296 3355 ut
317 3296 555 3372 perterricrepae
575 3315 658 3354 arma
678 3296 845 3367 Minervae,
867 3301 899 3351 et
916 3293 1038 3351 flamina
1055 3293 1153 3365 bruta,

256 3379 457 3456 Fulminaque
474 3387 562 3454 atque
581 3388 687 3458 arguta
700 3380 806 3454 quadri
823 3377 1026 3437 modulamina
1036 3376 1152 3451 Mundi,

256 3466 418 3539 Maesium,
444 3464 619 3538 Oasnarem,
641 3465 755 3523 Divum
777 3465 955 3538 Latiamque
973 3470 1139 3539 parentem,

257 3548 690 3626 CaelestemqueLubentiam,
702 3557 732 3607 et
744 3549 907 3627 indigetem
914 3548 1013 3606 Deum
1022 3548 1172 3608 Adonem.

257 3634 448 3712 Principium
464 3643 495 3693 et
505 3636 607 3708 finam,
622 3653 750 3709 namque
765 3634 817 3691 ille
833 3642 881 3693 est
893 3629 1025 3693 omnibu’
1044 3640 1151 3693 totum.

302 3719 371 3779 Hos
393 3721 481 3779 mites
502 3739 611 3797 precor
631 3718 846 3780 adventassere
870 3719 993 3778 numine
1013 3718 1096 3776 laeto

257 3805 308 3864 Ad
331 3824 398 3863 mea
418 3806 549 3879 Februa,
568 3817 599 3864 et
616 3803 717 3863 inferii
737 3805 883 3863 libamina
905 3804 993 3863 sacri.

303 3889 449 3950 Obtestor
469 3890 602 3950 Triviam
624 3889 772 3948 Deiauam
797 3888 1052 3966 caeligenamque
