3000 4725
754 648 775 709 8

349 821 424 881 Eius
445 819 589 898 exprimit
610 839 671 879 ore.

307 909 397 969 Hanc
417 906 505 965 nefas
529 905 594 965 sine
617 922 758 982 compare

351 990 497 1051 Solitaria
518 989 667 1049 caelibum

349 1077 433 1135 Mora
453 1085 590 1155 tempora
611 1075 731 1147 ducere,

349 1159 417 1219 Nec
440 1162 496 1219 tori
516 1162 609 1233 bona,
632 1180 688 1219 nec
708 1176 785 1219 mam

350 1244 454 1305 Nosse
474 1246 609 1321 praemia
629 1253 726 1305 natos.

307 1330 381 1389 Non
404 1330 450 1390 eis
473 1331 538 1404 tibi,
561 1351 624 1389 non
644 1331 689 1390 eis

349 1415 434 1474 Nata
455 1416 519 1473 filia
539 1416 669 1493 legibus,

350 1500 394 1561 Ut
415 1500 494 1558 domi
518 1500 630 1559 sterilis
655 1502 769 1561 sedens

353 1583 535 1663 Carperetur
555 1586 679 1646 inutiles

351 1670 446 1748 Virgo
468 1670 581 1730 nubilis
603 1690 712 1730 annos.

308 1755 432 1831 Quaere
452 1756 503 1831 qui
524 1756 651 1833 propria
668 1764 753 1815 tuum

351 1840 470 1901 Fulciat
492 1842 572 1903 serie
594 1860 700 1919 genus,

351 1924 398 1983 Te
421 1926 581 2003 nepotibus
601 1934 712 2005 augeat

352 2008 452 2085 Seque
473 2011 605 2069 sufficiat
621 2013 688 2084 tibi,

352 2094 398 2152 Te
421 2096 521 2172 perire
544 2096 681 2154 vetando.

308 2180 355 2237 En
377 2187 500 2253 paratus
522 2179 610 2238 adest
632 2180 698 2255 tibi,

351 2262 430 2320 Vota
452 2265 503 2338 qui
523 2272 646 2341 superet
669 2273 721 2325 tua

349 2348 486 2406 Patrium
510 2350 656 2410 decorans
679 2352 776 2412 solum

353 2433 485 2510 Gaspar,
509 2443 539 2492 et
562 2435 677 2496 Frisios
697 2457 768 2498 suos

350 2518 444 2577 Flore
466 2520 565 2596 gentis
589 2521 701 2581 avitae:
762 2554 764 2560 ·

309 2602 418 2678 Qualis
442 2604 483 2662 ad
503 2605 630 2663 vitream
654 2607 768 2666 Thetin·

353 2688 445 2746 Venit
464 2690 613 2749 Aeacides
637 2711 734 2766 suam,

352 2771 459 2851 Nupta
474 2794 534 2850 qua
552 2777 662 2853 cupido
682 2779 754 2836 data
771 2786 818 2838 est

353 2857 450 2918 Nocte
472 2860 590 2920 lucibus
615 2864 757 2924 omnibus

353 2942 481 3021 Semper
502 2946 711 3022 anteferenda,

309 3029 452 3088 Prodeat.
478 3050 575 3106 neque
597 3033 677 3090 enim
699 3052 796 3093 mora.

353 3113 534 3192 Coniugalia
555 3118 699 3176 suavibus

351 3198 472 3276 Pangat
495 3201 601 3260 oscula
624 3203 730 3276 saviis,

352 3282 553 3360 Brachiieque
574 3287 732 3346 tenacibus
846 3323 851 3328 ·

354 3366 441 3426 Colla
464 3370 577 3428 vinciat
597 3373 715 3432 Annae.

218 3495 219 3498 η
310 3451 412 3510 Verba
434 3473 472 3510 ne
492 3465 615 3514 careant
640 3457 712 3530 fide,

355 3537 461 3610 Ocius,
482 3541 577 3614 pueri,
600 3542 658 3599 huc
677 3561 734 3620 age

353 3621 521 3681 Conuenite
539 3624 717 3703 Cupidines.

354 3708 411 3780 Ite,
433 3708 550 3785 spicula
573 3712 722 3788 stringite,

353 3793 503 3869 Expedite
523 3796 693 3872 pharetras.
717 3794 722 3802 ’

313 3875 385 3952 Qua
403 3878 505 3937 fidelia
530 3881 655 3958 cuspide
