3000 4725
682 601 743 661 323

254 766 328 826 Teu.
375 768 562 827 Illiberalem
582 768 746 828 nonenim
769 776 864 827 artem
887 789 1028 831 exerceo.

252 854 332 911 Meu.
380 852 417 914 Si
440 861 557 912 scutum
580 854 721 927 haberes,
742 853 892 930 gloriosos
916 856 1043 916 scilicet.

251 936 328 995 Teu.
377 936 577 1017 Congrediar‚
599 940 689 997 etiam
711 937 808 1011 veles,
831 947 947 998 armato
971 941 1035 1000 tibi.

251 1023 347 1081 Mem·
381 1024 482 1099 Quum
503 1024 604 1100 poscit
624 1042 710 1083 ueros
734 1024 840 1100 lingua
861 1024 986 1100 spiritus
1009 1034 1071 1084 tuo.

251 1106 328 1165 Teu.
375 1108 503 1167 Fiducic
523 1109 612 1183 aequi
630 1108 739 1167 tollere
759 1108 876 1167 animos
898 1108 946 1168 fos
969 1110 1053 1168 mihi.
1172 1113 1238 1167 1125

250 1192 333 1249 Men.
379 1194 442 1253 Fas
461 1212 572 1269 nempe
593 1201 622 1251 et
641 1194 726 1252 illum
748 1212 797 1251 me
816 1185 975 1270 perempto
996 1195 1118 1254 viveret

252 1276 329 1335 Teu.
377 1277 456 1337 Huit
478 1279 661 1355 perempto?
682 1278 759 1351 vivis
780 1298 852 1355 ergo
871 1287 1016 1339 mortuus.

250 1362 332 1419 Men.
378 1364 429 1423 Mc
450 1364 640 1439 sospiturunt
658 1363 797 1421 numius:
818 1362 893 1420 huic
907 1382 981 1423 vero
1001 1363 1107 1423 occidi.

251 1445 328 1504 Teu.
375 1448 445 1507 Diis
468 1448 637 1525 sospitatus
663 1468 735 1525 ergo
760 1467 799 1506 ne
819 1455 938 1507 temnus
957 1449 1055 1508 Deos.

251 1530 333 1589 Meu.
380 1532 475 1610 Egon‘
495 1540 652 1609 supremas
673 1542 840 1591 temperem
862 1533 946 1611 leges
969 1534 1092 1593 Dedm?
1171 1540 1239 1593 tuto

253 1614 330 1673 Teu.
378 1617 436 1689 Ita,
457 1618 483 1677 si
500 1626 618 1676 vetares
638 1627 776 1677 mortuos
798 1618 983 1677 tumulerier.

251 1701 334 1760 Men.
382 1703 471 1761 Meos
496 1709 565 1761 veto
589 1704 691 1761 hostes
712 1702 796 1779 ips'e:
824 1703 989 1761 nonenim
1012 1704 1149 1765 addecet.

252 1784 328 1844 Teu.
375 1787 517 1861 Unquam
537 1788 591 1845 tibi
610 1789 692 1846 Aiax
713 1795 835 1864 pectore
857 1788 988 1848 advorso
1009 1790 1148 1849 obstitit?

252 1870 333 1929 Meu.
380 1870 451 1930 Fuit
472 1873 569 1931 hostis
592 1873 680 1945 hosti,
705 1872 787 1946 quod
810 1872 866 1930 tibi
887 1880 917 1930 et
935 1892 1062 1949 gnarum
1081 1876 1147 1933 fuit.

252 1954 329 2014 Teu.
375 1956 457 2015 Num
479 1976 567 2031 quem
590 1957 695 2016 doloso
718 1956 865 2033 clepseris
888 1958 1045 2036 suffragio.
1170 1964 1238 2019 1135

251 2040 333 2098 Men.
381 2041 467 2100 Haeo
488 2043 666 2101 arbitrorum
686 2041 750 2099 lato
770 2041 870 2118 eulpa,
893 2062 958 2101 non
978 2063 1056 2103 meu.

253 2123 328 2184 Teu.
376 2126 524 2203 Perpluru
545 2127 652 2185 fraude
670 2127 792 2185 frausus
815 2145 848 2185 es
870 2128 978 2187 voleus
999 2130 1091 2187 mulo.

252 2209 333 2270 Men.
381 2211 517 2271 Alicuius
544 2212 675 2269 animum
698 2212 806 2289 pungit
823 2212 899 2269 hace
920 2214 1025 2272 oratio.

253 2294 329 2354 Teu.
376 2296 449 2355 Nou
464 2304 537 2370 tum,
550 2305 582 2355 ut
595 2296 722 2371 videtur,
737 2316 827 2374 quam
838 2305 868 2355 te
882 2315 938 2376 ego
950 2318 1083 2378 pungam
1091 2318 1169 2357 meu.

253 2381 334 2441 Men.
380 2383 482 2442 Unum
500 2383 630 2458 eloquar.
646 2382 839 2442 tumulandus
850 2383 899 2458 hie
912 2385 996 2445 nullo
1007 2386 1094 2445 modo
1111 2392 1239 2446 esttlto

255 2465 330 2526 Teu.
377 2467 457 2525 Audi
476 2467 613 2526 vicissim
634 2475 664 2525 et
677 2475 711 2525 tu
725 2467 822 2527 istud:
845 2469 924 2526 hunc
944 2471 1169 2530 tumulabimus.

255 2550 336 2612 Meu.
382 2552 453 2610 Vidi
477 2552 709 2628 tolutiloquente
725 2552 829 2629 lingua
850 2555 1030 2628 praeditum,

255 2633 314 2708 Qui
335 2638 481 2715 navigare
501 2645 622 2696 suasset
643 2638 754 2696 insano
776 2637 868 2707 meri3

256 2717 387 2799 Stupere
411 2721 549 2795 eundem,
569 2723 689 2797 quando
710 2729 877 2797 tempestus
901 2741 968 2780 eum

256 2803 419 2880 Turbata,
441 2826 477 2864 ac
495 2826 564 2866 sese
585 2806 754 2865 involutum
778 2804 881 2882 palliis

257 2887 363 2952 Cuivis
386 2892 543 2950 terendum
564 2892 646 2950 calce
667 2891 779 2949 vectori
802 2891 884 2948 dure.

257 2971 319 3034 Sed
338 2986 380 3050 te,
401 2978 607 3054 impetumque
627 2976 790 3034 iucicurem
808 2975 932 3052 liuguae
954 2982 1037 3048 tuae,

256 3057 380 3121 Enube
400 3081 495 3138 parva
518 3081 628 3141 magna
650 3063 817 3138 tempestus
841 3079 933 3119 ruens

257 3141 449 3224 Restinguet,
472 3155 502 3204 11
525 3147 654 3204 clamore
676 3153 849 3223 compescet
866 3145 959 3222 gravi.

258 3227 334 3290 Teu.
375 3232 439 3309 Ego
462 3241 562 3290 autem
586 3232 707 3290 inanem
728 3240 767 3290 et·
778 3249 937 3309 perpetum
959 3229 1022 3289 vidi
1040 3230 1147 3303 virum,
1171 3224 1238 3277 115⁰

261 3314 371 3374 Aliena
392 3325 517 3394 propter
532 3316 766 3376 insolescentem
788 3315 879 3373 mala.

259 3398 358 3474 Quem
382 3420 449 3459 oum
471 3402 585 3460 videret
605 3403 739 3460 moribus
763 3400 883 3476 quidum
908 3398 982 3456 mihi

259 3481 426 3561 Formuque
449 3487 569 3560 similis,
587 3486 699 3545 talibus
720 3503 868 3562 praeseus
892 3492 1005 3542 monet:
1052 3551 1055 3554 ⁴

259 3569 437 3644 Δ1111111111
462 3572 505 3630 sis
528 3571 655 3630 mortuis
675 3569 814 3628 iniurius.

260 3653 357 3713 Aliter
378 3664 540 3730 1111111111,
566 3676 614 3715 me
636 3655 715 3726 vide,
736 3654 944 3713 infortunium.

260 3734 332 3798 Istis
355 3742 499 3800 monebat
520 3735 632 3800 nullius
648 3741 693 3798 rei
709 3739 814 3803 virum.
878 3786 880 3789 ,

262 3818 340 3895 Quin
361 3833 449 3886 tueor
470 3825 567 3885 illum.
591 3845 651 3884 non
672 3826 699 3884 is
722 3824 812 3897 alius,
833 3831 967 3894 ut'reor,

901 3918 967 3978 21⁹
