3000 4725
778 594 840 652 336

733 680 886 688 -—

353 757 508 837 Sponsum
527 760 659 817 futurum
681 761 824 837 Anp’tiae
846 760 992 838 Cytaicae

284 848 334 901 175
352 844 495 904 Ardentis
513 844 676 923 hospitem.
697 864 787 921 quern
807 848 847 904 ab
869 848 1002 907 Oenone
1023 847 1157 922 exulans,

351 929 482 988 Verteris
500 931 532 987 in
554 930 707 987 hominum
729 932 865 989 membra
884 932 1029 992 formicas
1052 934 1166 1007 breves,

351 1013 546 1093 Pelasgicum
567 1014 721 1091 Typhona
742 1016 887 1093 produxit
907 1026 1006 1095 pater,

353 1098 475 1175 Septem
496 1119 513 1157 e
535 1099 645 1176 puellis
669 1101 794 1160 torridis
811 1102 912 1159 forma
930 1103 989 1162 lice

353 1182 553 1261 Superstitem
572 1204 664 1242 unum
686 1185 869 1244 vindicatum
891 1207 930 1246 ex
952 1189 1083 1267 ignibus.

286 1273 336 1329 180
353 1269 552 1347 Reciprocam
574 1268 628 1327 ille
648 1269 703 1329 sed
725 1272 897 1331 remanebit
912 1273 1003 1346 viam,

354 1355 475 1431 Vespas
498 1355 562 1414 suis
586 1374 602 1411 e
622 1356 782 1431 pumicetis
804 1357 928 1416 exciens

353 1438 450 1511 Quasi
470 1460 546 1517 puer
568 1458 681 1516 vapore
706 1442 833 1499 suffiens
856 1442 994 1501 domum:

353 1526 393 1583 Et
415 1526 527 1583 caeteri
550 1525 639 1583 Burri
662 1525 902 1586 Duellinominia

352 1610 474 1669 Flubris
493 1611 651 1668 iuvencam
671 1610 802 1669 stabulis
826 1612 954 1671 caedent
974 1630 1082 1689 popae,

287 1700 336 1755 185
354 1696 482 1752 Matrem
505 1694 643 1753 draconis
666 1696 829 1753 incientem
848 1694 963 1772 Scyrii:

355 1780 454 1855 Quam
478 1784 571 1856 saepe
594 1780 702 1851 coniux
725 1778 950 1857 Salmydesium
975 1780 1073 1840 salum

352 1864 438 1922 Intra
459 1865 615 1939 requirens
638 1864 867 1923 immolatricem
887 1866 1053 1943 hospitum,

355 1948 585 2026 Spumifragam·
601 1950 732 2008 insulam
753 1950 905 2009 obsidebit
928 1949 1097 2010 Candidum

354 2032 433 2093 Celti
453 2033 603 2110 liquentes
628 2033 666 2091 ad
688 2035 817 2111 paludes
840 2036 979 2113 gurgitis,

287 2129 336 2183 190
354 2124 465 2179 Amore
487 2138 630 2195 sponsae,
655 2138 744 2178 cerva
765 2138 856 2195 quam
877 2121 1046 2197 volucripes

353 2204 492 2281 Iugulum
515 2206 684 2281 propinans
709 2204 821 2262 eximet
844 2206 1022 2281 secespitae.

355 2287 521 2364 Speciosus
543 2290 622 2347 intra
641 2289 725 2349 littus
749 2290 952 2368 appellabitur

356 2373 448 2434 Solus
468 2374 567 2432 mariti
590 2393 695 2434 cursus
714 2376 746 2433 in
767 2376 920 2451 crepidine

279 2475 284 2482 ’
355 2458 476 2520 Sortem
499 2459 646 2536 gementis
670 2461 913 2535 atqueclassem
936 2460 1097 2535 coelibem,

287 2551 338 2606 195
356 2545 396 2602 Ilt
417 2563 480 2620 non
503 2544 633 2603 videndo
654 2548 790 2604 membra
809 2554 953 2605 mutatam
974 2546 1066 2604 modo

356 2629 485 2690 Cascam
508 2638 662 2687 cruentum
683 2649 737 2689 vas
759 2632 856 2708 probe
881 2640 911 2688 et
933 2631 1091 2703 libamina,
1132 2631 1269 2708 [propat]

355 2716 488 2790 Orcique
508 2715 688 2790 flam[m]am
712 2717 928 2774 exuberantem
950 2715 1086 2773 funditus

356 2799 511 2860 Cortiuam
538 2801 679 2871 ahenam,
700 2819 790 2875 quam
814 2809 880 2858 atra
901 2801 996 2874 flabit,
1019 2807 1142 2860 mortua

355 2884 513 2945 Cadavera
535 2885 654 2943 elixans
679 2886 839 2960 coquinatu
864 2887 1013 2963 improbo.

287 2973 340 3028 000
356 2971 396 3029 Et
417 2971 471 3028 ille
493 2971 589 3029 obibit
611 2970 729 3029 eiulans
749 2989 888 3045 campum
911 2970 1056 3048 Scythen,

354 3056 492 3114 Procans
515 3055 628 3114 amoris
651 3056 783 3129 quinque
805 3057 924 3114 circites
945 3065 1062 3117 torum:

357 3141 406 3198 Illi
428 3149 498 3198 unte
519 3157 639 3198 acerrae
662 3141 786 3217 auguris
810 3139 945 3202 Saturnii

356 3224 561 3302 Deglutientis
584 3243 650 3283 cum
675 3236 802 3301 parente
822 3226 905 3284 filios

359 3309 499 3370 Secunda
515 3311 641 3368 iurantis
660 3310 773 3368 fidusta
795 3311 944 3388 sagmina,

289 3398 339 3454 005
359 3395 528 3453 Tonsarum
550 3395 692 3453 amicient
712 3396 844 3474 remiges
867 3395 981 3471 strepis
1002 3411 1124 3466 manus,

357 3479 569 3554 Bacchumque
593 3482 742 3557 sospitem
764 3489 794 3539 et
814 3480 925 3557 prioris
947 3477 1098 3536 vindicem

358 3565 472 3623 Luctus
493 3573 647 3638 canentes,
669 3566 716 3623 cui
737 3567 768 3624 in
789 3566 926 3624 obscuris
947 3563 1029 3621 cavis

358 3649 547 3725 Delphorum
571 3658 677 3727 operta
699 3651 737 3708 ad
757 3660 846 3708 antra
867 3649 991 3707 Lucrini
1013 3647 1062 3704 dei

358 3735 509 3794 Abstrusa
528 3734 591 3792 liba
613 3735 799 3794 Tauriformi
821 3735 929 3794 offeret

291 3823 342 3878 010
360 3819 478 3880 Classis
503 3820 678 3878 tremendae
698 3821 904 3899 millepraetor
924 3818 1056 3878 navium.
