3000 4725
625 630 773 727 ...⁶22-

243 800 303 863 Sed
323 802 401 860 oomi
420 820 479 859 non
502 800 549 860 iss
575 800 683 861 slieuis
707 800 837 861 cultibus
862 800 977 879 illud[,]

282 886 373 964 Quod
398 886 488 945 comit
508 884 613 945 Pietes
637 884 768 945 cultibus
790 886 860 963 ipss
878 888 953 949 suis.

417 1054 464 1113 tt.
508 1058 546 1113 In
566 1056 688 1131 Elegiae
713 1054 848 1112 Danielis
867 1055 990 1116 Heinsis'.

240 1140 332 1199 Peste
355 1140 569 1215 sophistarum,
594 1138 727 1214 seclique
750 1138 855 1197 sfdsts
872 1156 1004 1215 ueneno,

279 1225 438 1283 Pieridum
460 1224 590 1283 invisum
613 1225 700 1283 turbu
718 1222 844 1299 reliquit
865 1224 997 1284 humum.

240 1308 278 1367 Et
298 1310 357 1369 tibi
375 1317 461 1387 grets
481 1318 581 1369 tumen
607 1308 725 1385 coeptis
749 1308 927 1381 sudocibus,
950 1308 1072 1385 Heiusi,

174 1464 175 1472 ἵ
279 1395 317 1454 Iu
341 1394 444 1453 medie
463 1402 588 1471 surgunt
607 1394 741 1453 csrmiue
759 1394 916 1452 barbaris:

241 1479 337 1556 Queis
362 1498 420 1541 sue
439 1487 608 1557 postponat
626 1494 713 1554 quem
736 1478 861 1555 protulit
882 1476 1009 1540 Umbris
1028 1491 1130 1543 vstss:

280 1566 321 1624 lit
343 1584 422 1640 quse
443 1564 589 1643 Pelignus
611 1564 723 1622 dixerit
746 1580 816 1623 esse
839 1580 911 1623 sus:

240 1648 308 1709 Non
333 1650 410 1709 secli
432 1650 506 1711 vitio
529 1650 645 1726 primos
669 1650 815 1707 moriture
835 1649 892 1707 sub
916 1657 1011 1720 onus,

280 1732 345 1796 Sed
366 1734 469 1793 doctas
488 1734 687 1793 intervisere
708 1744 791 1792 certe
814 1750 931 1793 munus.

241 1818 363 1880 Grutior
383 1828 417 1878 ut
435 1836 565 1894 nemque
585 1828 633 1878 est
655 1836 743 1894 quem
759 1836 836 1895 ques
847 1836 901 1875 ver
914 1817 1023 1876 educet
1035 1818 1158 1893 ulmum,

282 1904 374 1982 Ques
392 1905 492 1964 medio
515 1904 647 1963 Brumse
667 1903 767 1963 sidere
787 1911 860 1961 netu
881 1920 952 1963 rose
971 1910 1031 1963 est:

242 1988 291 2051 Sic
315 1990 417 2067 megis
439 1990 487 2047 hic
508 1990 620 2061 foetus,
643 2008 732 2064 quem
753 2006 829 2064 quos
849 1996 936 2047 vetus
956 1986 1049 2047 edidit
1061 1995 1158 2061 setes,

281 2075 436 2135 Virtutum
462 2076 516 2133 hoc
538 2074 634 2134 sterili
654 2082 789 2150 tempore
814 2080 917 2151 grstos
941 2074 1006 2134 erit.

404 2242 453 2301 20.
495 2245 533 2300 In
554 2242 693 2309 Poematu
713 2242 860 2300 Dominici
881 2243 1002 2301 Raudii.

244 2326 276 2391 si
299 2346 380 2405 quos
402 2336 450 2388 est
472 2326 554 2400 olim,
576 2325 685 2401 Beudi,
709 2328 818 2387 mirate
839 2334 977 2387 vetustus

194 2409 198 2418 “
284 2413 435 2473 Dulcibus
457 2412 620 2490 implentes
643 2412 733 2472 docto
748 2415 868 2472 theatra
886 2412 995 2485 modis,

243 2497 360 2560 Emissi
380 2498 514 2562 tenebris
537 2507 607 2574 post
627 2499 730 2557 seculo
753 2498 848 2556 mults
869 2506 977 2574 poetes

284 2583 386 2660 Elysii
411 2583 549 2658 linquunt
571 2581 683 2640 blenda
705 2583 802 2641 virete
820 2581 888 2653 soli,

244 2669 424 2748 Ingeniique
445 2669 488 2726 tui
510 2667 614 2726 felicis
634 2668 766 2745 pignora
787 2677 910 2727 sument

284 2753 416 2826 Versus,
438 2769 513 2829 quos
537 2751 625 2810 hilsri
643 2773 704 2811 non
727 2753 787 2811 nisi
806 2754 904 2810 fronte
923 2751 1040 2828 legente

245 2837 314 2898 llos
336 2839 412 2896 ratio
427 2838 603 2896 alterutrum
627 2838 757 2916 subiget,
781 2837 828 2895 vel
850 2845 1009 2911 utrumque
1030 2832 1130 2904 lemn,

287 2921 330 2984 Se
349 2921 493 2982 didicisse
516 2931 597 2994 tuos,
621 2930 650 2980 te
675 2923 818 2981 docuisse
841 2937 925 2980 euos.

465 3091 515 3150 21.
560 3093 597 3150 In
616 3093 685 3148 Ioni
708 3091 828 3148 Dousoe
848 3090 940 3148 Esto.

245 3174 317 3235 Non
338 3175 404 3234 sols
425 3176 577 3236 Aonidum
599 3174 801 3233 blandissimo
820 3175 908 3232 turbs
928 3173 1073 3234 Sororum

289 3259 393 3320 Certut
415 3261 454 3318 od
479 3261 669 3336 obsequium,
694 3260 827 3317 monime
848 3259 964 3332 Douso,
984 3267 1076 3318 tuum.

247 3345 341 3404 Addit
363 3363 397 3404 se
421 3345 574 3418 comitem,
596 3344 785 3422 trepidisque
807 3343 982 3421 supervenit
1000 3342 1097 3413 Echo,

290 3427 362 3491 Sive
385 3429 461 3489 heco
484 3430 617 3502 umbitio,
638 3447 694 3488 seu
711 3429 834 3506 pietatis
858 3448 947 3505 opus.

248 3511 320 3575 Solu
342 3515 398 3572 tibi
421 3516 573 3592 tacitoque
595 3523 685 3586 tecet,
707 3514 894 3588 loquiturque
913 3511 1062 3587 loquenti,

290 3599 339 3658 Ad
360 3598 474 3660 domini
496 3619 584 3659 voces
607 3607 749 3675 prompte
771 3597 911 3658 ministre
931 3599 990 3671 sui,

249 3683 424 3744 immortale
446 3685 542 3746 sacris
561 3683 751 3763 respondens
775 3701 896 3742 carmen
922 3683 960 3741 sb
982 3682 1090 3753 antris,

289 3769 378 3847 Quae
401 3787 469 3829 oum
491 3769 593 3829 Pierio
618 3768 729 3828 struxit
755 3767 865 3844 Apollo
884 3767 990 3828 choro.

251 3852 330 3929 Quid
352 3875 411 3914 non
436 3855 581 3928 divinum,
604 3853 675 3929 quid
697 3871 757 3912 non
778 3851 931 3914 laudabile
951 3853 1031 3912 diost
