3000 4725
690 632 728 693 18

255 796 362 859 Omnis
386 798 473 857 ocius
495 799 554 857 buc
576 818 634 859 sua
690 852 692 857 .

292 883 373 941 Vota
397 884 568 943 contribuat
587 885 652 957 tibi,

293 968 356 1043 Qui
376 976 459 1027 tuum
486 969 617 1029 thiasum
640 970 723 1044 colit,
772 1023 774 1027 ,

293 1052 366 1128 Qui,
389 1054 528 1126 Melissa,
550 1055 649 1113 sititor
670 1063 718 1115 cst

293 1138 541 1215 Hippocrenidos
567 1140 675 1197 undae.

250 1225 351 1282 Ambo
374 1223 569 1282 contribuant
591 1242 692 1307 suuml

294 1306 436 1381 Carmen,
454 1308 545 1384 inque
566 1309 663 1367 vicem
685 1309 743 1370 sibi

296 1391 385 1453 Serta
405 1400 509 1451 mutus
532 1403 711 1471 comparent

293 1477 374 1538 Filio
399 1479 529 1537 celebris
551 1498 675 1555 parens,

293 1562 449 1639 Filiusque
469 1565 596 1640 parenti.

255 1646 372 1723 Tuque,
396 1667 475 1723 quac
498 1650 593 1707 semel
614 1648 697 1707 edita

293 1732 387 1792 Prole
410 1742 507 1791 mater
529 1753 562 1792 es
586 1733 688 1805 unius,

294 1820 394 1877 Mater
417 1819 489 1876 alite
512 1837 579 1876 cum
601 1820 684 1877 bona

294 1903 382 1963 Vatis
407 1912 472 1962 esto
490 1912 552 1964 'nec
573 1904 674 1975 unius,

294 1987 361 2047 Nec
383 1996 510 2066 parente
532 1988 670 2047 minoris.

411 2158 439 2215 4.
487 2159 525 2214 In
549 2158 682 2214 tabellam
705 2159 836 2231 depictae
855 2156 1008 2215 Dominae.

255 2241 329 2302 Cum
353 2243 508 2301 dominam
528 2251 652 2301 nostrae
673 2242 783 2299 mentis
798 2260 915 2300 memor
929 2260 1004 2300 aura
1014 2249 1167 2317 retractat,

295 2328 457 2388 Praesenti
479 2328 644 2400 absentem
658 2346 752 2403 parva
773 2327 887 2386 tabella
909 2327 1011 2388 refert.

255 2412 329 2472 (lum
351 2421 484 2471 mentem
506 2413 642 2484 artificis,
663 2431 728 2472 cum
749 2413 843 2471 miror
860 2413 1001 2489 imaginis
1020 2414 1168 2486 umbram,

296 2499 347 2556 Illi
368 2500 443 2556 hera
464 2517 531 2574 par,
559 2498 607 2556 vel
627 2517 684 2574 par
706 2497 761 2556 illa
779 2498 897 2556 videtur
915 2499 1017 2555 herae.

255 2583 394 2658 Denique
414 2583 613 2658 quodcunque
636 2590 698 2654 est3
723 2583 833 2660 genius
853 2583 1041 2644 certissimus
1062 2581 1137 2641 artis

296 2668 512 2727 Transformat
535 2687 644 2728 sensus
667 2669 699 2726 in
724 2686 780 2726 sua
801 2668 891 2744 signa
911 2687 1009 2727 meos.

255 2755 386 2826 Miraris,
409 2753 577 2827 siquando
598 2753 672 2813 mihi
694 2753 819 2810 domina
841 2752 971 2827 imperat
990 2751 1125 2810 absens?

295 2839 432 2917 Imperat
451 2839 526 2896 haec
548 2839 637 2895 etiam
661 2837 878 2898 muta-tabella
899 2838 981 2896 mihi.

486 3009 529 3084 5„
557 3009 609 3069 Ec
628 3009 733 3066 Italico
754 3007 939 3064 Petrarcboe.

256 3092 324 3150 Lux
344 3092 450 3150 aderat
471 3113 531 3169 qua
553 3091 608 3154 Sol
631 3092 784 3170 ferrugine
803 3091 945 3150 conditus
967 3096 1033 3148 atra
1123 3102 1126 3107 ’

297 3176 443 3236 Testatus
463 3178 591 3237 Domini
611 3185 658 3236 est
678 3178 787 3235 funera
807 3176 919 3234 acerba
938 3175 996 3247 sui,

258 3261 325 3337 Qua
345 3263 438 3340 perii:
461 3283 561 3340 neque
582 3263 637 3321 sub
661 3280 767 3322 casses
789 3261 939 3336 dilapsus,
961 3260 1062 3332 sella,

297 3345 400 3420 Sensi,
420 3347 585 3406 luminibus
608 3355 726 3424 captus,
746 3346 847 3417 Aello,
872 3345 942 3404 tuis.

255 3429 321 3489 Nec
343 3440 474 3490 mentem
501 3433 598 3490 adieci
621 3432 715 3504 bello,
737 3449 862 3499 securus
886 3430 1015 3490 abibam.

295 3517 355 3574 Illa
376 3518 525 3576 elementa
548 3517 608 3576 mei
628 3517 728 3594 prima
747 3518 832 3576 fuere
855 3516 937 3576 mali.

257 3599 330 3661 Cum
354 3602 427 3661 mihi
449 3605 577 3680 pacifico
602 3603 802 3662 saevissimus
824 3601 935 3674 bostis,
956 3599 1065 3660 inermi

297 3687 447 3764 Armiger,
470 3688 586 3748 imbelli
607 3687 734 3746 bellicus
753 3686 848 3746 instat
868 3691 980 3756 Amor;

254 3769 373 3846 Perque
394 3773 495 3832 oculos
519 3772 602 3832 cordi
622 3771 757 3831 insinuat
779 3780 936 3848 grassator
960 3775 1100 3845 apertos3

298 3855 358 3932 Qui
381 3858 469 3915 modo
491 3867 562 3918 suut
582 3857 715 3916 lacrimis
738 3856 830 3916 ianua
851 3857 925 3914 trita
943 3855 1030 3915 meis.
