3000 4725
604 643 755 738 Q-

239 805 355 873 Οίκοδιν
381 811 398 873 δ
424 810 546 894 μάρτυς.
573 803 639 872 Οῦκ
660 807 732 872 ἄνευ
757 828 793 888 γε
813 803 953 889 Θησέως.

233 889 350 976 Ὀμνυσι
368 893 507 978 Λάμπων
527 897 619 978 χῆνα.
644 889 821 964 Παιζύντων
845 889 944 958 πόλις.
970 883 976 904 “
1114 918 1116 931 =

233 974 312 1046 Ὄνος
334 978 366 1041 ἐν
392 979 554 1062 μελίτταις.
578 973 644 1040 Οὐκ
667 975 740 1040 ἄνευ
764 971 879 1059 χρόνου
903 974 1002 1056 φίλος.

234 1058 311 1130 Ὀνος
333 1061 363 1125 ἐν
387 1063 540 1146 πιθήκοις.
561 1059 643 1146 Πρδς
667 1061 745 1129 άλας
763 1062 821 1144 ήγσ
843 1057 986 1140 ασμένος.

231 1142 310 1214 Ὄνος
327 1148 405 1232 στρδς
425 1145 530 1210 αὐλόν.
554 1143 680 1230 Μικρὸς,
701 1143 809 1229 ἡλίκος
864 1141 957 1206 ύλων.

231 1226 335 1314 Ὀρδῆν
361 1231 506 1318 βαδίζεις.
527 1228 567 1294 ‘H
588 1231 711 1314 κορώνη
733 1227 864 1292 Δαυλία.

231 1310 348 1379 Ὀστοῦν
371 1314 472 1380 ἔνεστι
491 1321 536 1401 τῷ
556 1313 611 1397 λύγ
640 1312 784 1396 ,Γυργδν
812 1310 929 1398 βλέπει.

234 1395 300 1463 Οὐδ’
317 1399 347 1463 ἐν
373 1400 504 1468 σελίνοις
527 1399 599 1462 ἐστί.
614 1339 703 1466 Πυῦς
721 1395 903 1464 Μολόττιος.

233 1480 271 1548 Οὐ
292 1485 372 1548 νυκτὶ
394 1486 520 1553 αλώεις.
539 1480 577 1547 Ὁ
598 1482 736 1565 πόλεμος
758 1482 879 1544 πάντων
900 1482 1011 1564 πατήρ.

233 1565 299 1633 Οὐδ’
320 1568 407 1655 ὄναρ.
425 1565 464 1632 ‘0
486 1565 645 1636 δασύπους
664 1569 715 1632 τὸν
736 1567 808 1650 περὶ
829 1570 926 1648 κρεῶν
949 1563 1062 1650 τρύχει.

233 1649 271 1717 Οίι
291 1649 379 1731 Χῖος,
404 1652 487 1716 ἀλλὰ
507 1649 609 1720 Κῦος.
632 1650 672 1716 Αἰ
693 1649 788 1714 ύιττου
810 1650 917 1732 γάμος.

233 1733 289 1801 Ούκ
311 1737 361 1801 ἐπὶ
381 1735 436 1802 Χα
458 1736 556 1820 ιξένης
578 1737 644 1800 τάδ’
670 1733 745 1799 τοτ’.
768 1731 846 1801 Αἴας
867 1735 953 1818 γελᾷ.

232 1817 289 1886 Οὔκ
311 1819 401 1930 ἔργον
427 1760 529 1906 ίδρας.
548 1817 762 1904 Ἀποτράγημ’
784 1818 955 1886 ἀλώπεκος.

232 1899 289 1968 Οὐκ
308 1906 366 1970 οιδ’
390 1906 406 1969 δ
427 1907 564 1990 κρώζεις.
586 1902 640 1988 Μή
652 1901 761 2053 ὅβάδιζ’
787 1900 859 1964 ἄνευ
883 1899 987 1971 ξύλου.

229 1985 344 2075 Ὀχλεῖς
368 1991 469 2074 μάτην
493 2013 531 2073 με
553 1989 627 2073 κῦμ’
670 2011 745 2058 πως.
762 1983 873 2071 ’Ἔχεις
892 1988 1000 2068 γαλῆν.

231 2071 301 2144 Παῖς
317 2075 411 2159 πατρὶ
433 2073 525 2156 λύπη.
550 2072 672 2158 Πρῦγμ’
696 2073 874 2155 ἀναγκαῖον,
896 2069 1001 2136 κακόν.

230 2155 415 2244 Παρεύρεσις
439 2157 585 2243 Θράκεια.
608 2157 739 2242 Λέσβιος
759 2154 878 2241 πρύλις.
977 2155 1141 2240 [δρηκίαῖ]

232 2239 346 2326 Πάρνσυ
371 2244 498 2328 σκάφος.
521 2239 686 2326 Κρότωνος
705 2241 889 2325 ὑγιέστερος.

231 2323 367 2413 Πάσητος
388 2329 579 2414 ῆμιύβολυς.
601 2325 702 2410 Σκύτη
725 2324 844 2474 ἐλύπει.

197 2452 201 2461 ·
231 2408 319 2495 Πηλ”
342 2412 504 2495 καδοιίρεις
524 2400 633 2497 πηλδν.
648 2410 706 2479 Ὗς
756 2409 874 2474 οιωτία.

231 2438 397 2567 Πλεύίιειας
420 2498 464 2565 εἰς
486 2494 649 2581 Τροιζῆνα.
672 2492 814 2578 Πέμματ’
835 2494 966 2557 Ἀττικά.

232 2576 309 2665 Πλῆν
333 2582 429 2650 εἴτις
451 2580 532 2665 ὅρνις
554 2580 636 2645 οἶδεν
659 2576 820 2665 ἡμᾶςἛν
842 2579 919 2664 πρὸς
940 2578 983 2641 ἕν.

232 2660 368 2751 Πόλεμος
391 2665 535 2749 ἄδακρυς.
550 2662 593 2729 Ἢ
616 2667 679 2751 τρὶς
701 2664 744 2739 ἓξ,
767 2664 781 2684 “
805 2663 867 2747 τρὶς
888 2661 988 2746 κύβοι.

231 2740 335 2834 Πύρρα)
361 2749 435 2819 Διός
459 2751 563 2814 τεκαὶ
585 2754 747 2836 κεραυνοῦ.
763 2688 860 2832 Πίηδὲ
879 2750 946 2831 γρῦ.

232 2827 323 2904 Πότος
345 2837 486 2903 Λυκεῖος.
505 2833 650 2904 Ἀκεσίας
672 2834 790 2898 ἰάσατο.

231 2910 298 2999 Πρὶν
319 2920 339 3004 ῆ
365 2920 469 2983 σιτίσαι
489 2917 633 3003 τᾶλευρα.
657 2917 718 2984 Τδν
743 2916 863 3004 φαλλὸν
884 2912 960 2999 δεηῖ.

231 2994 413 3089 Προβάτειυν
436 3002 523 3088 ἦδος.
542 3001 698 3089 Ἀρκάδας
720 3001 922 3086 μιμούμενος.

258 3087 307 3169 ρδς
326 3086 480 3173 Κάιρυκον
500 3090 704 3172 γυμνάζομαι.
729 3086 830 3154 Λύκος
874 3085 967 3147 ανάιν.

258 3170 477 3256 ροσεγκαλοῦσ’
505 3172 534 3235 σί
555 3178 605 3258 φῶ
627 3195 667 3241 ες.
689 3171 792 3253 Αἰγῶν
815 3171 963 3253 δνσματα.

232 3246 424 3341 Πρυσέληνος
438 3256 559 3340 Ἀρκάς.
589 3196 762 3343 ’Πκρύτητα
783 3254 938 3338 κύμβαλα.

232 3331 297 3403 Πτοι
322 3341 430 3427 δτερσς
446 3338 538 3424 Ἴρου.
562 3338 644 3425 Πρὸς
669 3340 733 3403 δύαι
757 3338 789 3402 δ’
812 3338 882 3403 οὐδ’
899 3334 1067 3423 Ἡρακλῆς.

233 3363 320 3509 Πυγῆ
333 3425 484 3509 γυναικός.
504 3422 542 3489 Ὁ
566 3425 616 3489 διὰ
641 3422 917 3509 φρατόρωνκύοιν.

233 3499 373 3592 Πώγωνα
395 3510 516 3574 τιλλειν.
539 3506 608 3573 Ἐπὶ
628 3508 710 3595 δύρηι
732 3508 785 3593 τὴν
810 3507 927 3591 ὑδρίαν.

233 3582 398 3678 Σαλαμινία
421 3596 503 3663 ναῦς.
527 3590 630 3657 Πάντα
651 3592 740 3657 κοινὰ
760 3598 821 3655 τῶν
844 3592 954 3675 φιλων.

233 3666 343 3758 Σάμιος
360 3678 505 3763 κομήτης.
528 3674 673 3746 Τενέδιος
695 3678 873 3761 συνήγορος.

234 3749 352 3831 Σικελὸς
373 3764 546 3830 θάλασσαν.
568 3759 623 3832 Εἰς
641 3764 733 3830 κυνὸς
754 3760 852 3843 πυγήν
876 3759 945 3843 δρα.

235 3832 369 3911 Σκυθιστὶ
392 3847 481 3911 πίνει.
504 3846 565 3929 Γῆν
588 3848 648 3932 πρὸ
670 3850 726 3930 γῆς
746 3844 918 3909 ἐλαύνεται.
