3000 4725
721 632 741 691 9

321 810 423 871 Corda
444 807 537 885 figitis
558 805 676 876 intima,

320 895 463 957 Sauciate
481 911 537 969 par
556 892 612 949 hoc
633 908 751 949 novum.

238 992 242 999 '
319 984 411 1040 Anna
433 977 575 1053 Gaspare
594 975 720 1033 ferveat.

322 1065 444 1140 Gaspar
465 1068 584 1120 aestuet
605 1062 705 1119 Anna.

281 1152 378 1211 Ambo
401 1165 540 1225 compara
561 1144 686 1203 vulnere

323 1235 453 1296 Saucius
472 1231 528 1291 tibi
546 1229 668 1289 tradidi

321 1321 440 1380 Funota
460 1334 582 1375 munere
606 1332 672 1374 sum
692 1331 771 1371 meo.

322 1407 403 1483 Ergo
424 1403 550 1485 fungere
570 1408 603 1457 tu
623 1408 687 1471 tun,

323 1488 509 1567 Hymenille‚
528 1485 674 1543 vicissim.

284 1577 344 1635 Fae
363 1592 452 1634 saera
470 1578 581 1629 ooeant
602 1569 662 1627 fide

322 1661 452 1718 Pectora
473 1654 609 1713 unanimi
632 1650 721 1712 simul

325 1746 510 1820 Temperata
531 1738 673 1817 eoagu103

325 1832 412 1906 Quae
437 1828 502 1885 dies
526 1820 723 1902 querimoniis

324 1914 420 1974 Nulla
441 1910 556 1969 dividat
578 1910 660 1968 olim.

282 2000 376 2078 Quod
395 1999 435 2057 sit
453 1997 552 2054 omine
573 2013 640 2051 eum
662 1992 754 2061 bono,

327 2086 427 2146 Omne
447 2078 622 2157 coniugibus
644 2079 758 2136 bonum

324 2171 497 2247 Imprepare
520 2163 702 2241 perenniter.

326 2258 354 2315 A
372 2252 534 2330 penatibus
557 2248 659 2308 omnia

327 2340 503 2417 Deprecare
524 2335 653 2394 nefasta.

284 2426 388 2487 Pestis
412 2424 503 2494 absit,
525 2430 555 2479 et
573 2421 696 2480 orbitas.

330 2509 470 2571 Gaudeat
491 2507 598 2565 domus
620 2523 721 2562 annua

327 2595 428 2655 Prole.
451 2591 611 2669 frugiferas
636 2609 711 2667 opes

330 2682 415 2740 Rure
435 2677 543 2736 fundat
563 2676 672 2734 adorea

330 2767 404 2824 Dite
424 2763 514 2839 eopia
538 2780 641 2820 cornu.

286 2853 358 2922 Eia,
379 2849 446 2925 quis
469 2867 561 2906 sonus
581 2845 651 2902 hie?
672 2844 793 2915 iterent,

331 2937 368 2993 In
392 2933 513 2992 modurn
532 2931 588 2988 tibi
609 2929 751 3007 Virgines

330 3017 491 3097 Nuptialia
511 3011 644 3074 carmina

334 3105 511 3164 Ounoinunt.
532 3100 588 3158 tibi
607 3098 735 3158 noctifer

332 3189 458 3263 Linquit
479 3186 637 3261 Hesperus
660 3183 781 3244 Oetam.

291 3273 417 3352 Impulit
437 3271 563 3330 thalami
586 3271 665 3328 fores

335 3357 433 3419 Cardo
455 3356 599 3416 stridulus
621 3371 743 3412 aeneas.

336 3443 487 3520 Coniuges
508 3459 564 3500 sua
584 3441 646 3496 iam
665 3447 756 3497 vocat

335 3530 432 3589 Hora.
458 3528 519 3585 iam
539 3525 672 3584 veniant.
693 3531 757 3581 toro

337 3613 526 3673 collocentur
545 3610 670 3669 eburno.

293 3699 414 3759 Blanda
432 3696 547 3774 praelia
571 3699 743 3753 conserant.
854 3755 856 3761 ,

337 3781 530 3860 Implicantia
550 3779 674 3838 brachia

336 3867 432 3930 Nulla
449 3867 496 3927 vis
516 3867 623 3925 ederae
643 3872 736 3922 tenax
