3000 4725
637 621 697 681 281

498 780 539 845 ‘H
562 785 669 868 ῥαδινὴ
694 783 823 867 Μελίτη.
1030 787 1122 867 (Ut)

223 870 354 931 Nondum
379 870 469 931 etism
490 872 569 933 senii
591 875 646 935 sub
668 872 784 944 limine,
806 873 928 947 puberis
951 873 1017 932 aevi

257 958 382 1031 Interiit,
400 957 514 1030 Melite,
537 959 635 1036 gratia
655 959 753 1034 prima
773 958 826 1016 tui.

223 1042 357 1101 Malorum
381 1042 436 1101 sed
458 1043 556 1102 adhuc
577 1044 718 1121 splendet
739 1042 829 1101 nitor.
853 1041 966 1101 eminet
986 1042 1061 1101 illex

257 1127 308 1187 Vis
329 1126 419 1187 oculi.
443 1129 602 1188 Annorum
624 1138 672 1187 est
692 1128 748 1189 sed
764 1146 861 1202 neque
878 1146 997 1185 summa
1012 1127 1124 1188 brevis.

221 1216 310 1287 Atque
329 1212 477 1291 puellaris
498 1221 599 1272 manet
618 1214 671 1271 illa
691 1212 855 1290 protervia.
879 1211 928 1271 Ob
948 1212 1040 1284 istud,

256 1298 388 1375 Tempus
412 1306 550 1358 naturam
571 1299 693 1359 vincere
714 1316 815 1374 posse,
839 1315 929 1374 nego.
986 1320 989 1331 ·

499 1462 648 1541 >Iasidos
673 1464 701 1527 ai
725 1462 834 1546 φιλέει.
1031 1464 1126 1540 Mlti)

221 1554 394 1628 lixperiens,
416 1570 504 1629 quam
525 1572 574 1611 me
596 1572 655 1611 non
678 1551 813 1631 segniter
834 1549 920 1609 ardet
939 1549 1085 1619 Brenthe,

257 1636 305 1698 Sic
324 1658 384 1717 ego
407 1656 461 1697 cor
480 1638 549 1697 ficte
573 1638 813 1713 compositisque
834 1636 911 1695 dolis

222 1724 437 1800 Adgrediebar:
459 1722 527 1799 Ego
552 1722 661 1780 dicam:
684 1722 747 1779 lam
772 1721 883 1797 migro:
906 1738 1031 1796 peregre

256 1809 323 1867 Ibo:
347 1808 436 1880 Vale,
458 1825 493 1863 ac
515 1807 610 1865 nostri
631 1806 708 1877 vive,
731 1805 842 1883 puelle,
866 1824 988 1862 memor.

223 1892 376 1969 Ingemuit,
400 1911 498 1966 neque
521 1891 674 1961 sustinuit,
696 1891 888 1965 frontemque
909 1890 1020 1961 ferivit,

258 1978 295 2036 Et
312 1981 425 2038 cirrum
443 1996 461 2033 e
481 1984 561 2034 torta
582 1975 704 2035 discidit
721 1994 821 2053 ungue
845 1994 942 2047 coma,

223 2058 258 2120 Ut
277 2080 478 2137 maneamque
499 2069 597 2138 rogat.
616 2061 723 2119 Fracto
742 2081 803 2121 non
825 2060 929 2119 tardus
957 2060 1055 2121 ocello

258 2146 400 2222 Credere,
420 2147 457 2204 do
481 2146 575 2205 victas
596 2145 726 2205 utilitate
748 2164 866 2204 manus.

224 2226 289 2289 Sum
306 2235 384 2293 felix
405 2232 475 2290 voti.
500 2229 582 2289 Nam
601 2230 683 2305 quod
704 2231 816 2290 fecisse
837 2230 977 2289 volebam

259 2318 404 2380 Officium
425 2324 456 2376 et
473 2334 582 2376 munus
603 2316 662 2376 hoc
684 2316 772 2391 quasi
794 2315 907 2395 grande
928 2316 1005 2374 dedi.

469 2481 722 2565 Ὑπομνηστικὸν.
1036 2486 1130 2563 ζ(76)

470 2563 604 2630 Ἐνθάδε
628 2566 682 2648 μὲν
705 2567 878 2651 χλοάουσα.

224 2651 277 2712 Hic
295 2676 371 2734 ager
389 2657 535 2715 umbroso
554 2674 707 2714 ramorum
727 2654 859 2730 tegmine
881 2673 1011 2714 vernens

259 2740 447 2802 Fructiferae
468 2739 583 2800 frondis
603 2740 737 2819 explicat
757 2757 844 2796 omne
866 2740 968 2798 decus.

224 2822 277 2882 Hic
298 2827 416 2904 clangit
431 2843 538 2886 versus
559 2842 771 2902 cupressorum
797 2822 876 2880 inter
895 2841 1008 2899 opacos

260 2910 419 2971 Pullorum
441 2919 537 2970 mater
558 2929 649 2968 rauca
671 2907 805 2968 cohortis
832 2907 908 2966 avis.

223 2993 278 3054 Hic
297 2997 450 3075 fringuitit
472 2994 620 3067 acanthis,
642 3001 672 3051 et
693 2994 742 3052 hic
761 2992 902 3050 acredula
922 2999 1046 3068 questus

261 3081 455 3162 Ingeminans
477 3082 556 3140 inter
579 3079 675 3138 densa
693 3079 800 3136 rubeta
823 3078 917 3136 sedet.

224 3162 293 3238 Quis
315 3167 392 3226 mihi
410 3167 500 3226 ludus
522 3165 553 3224 in
577 3165 636 3236 his,
659 3183 724 3223 cum
747 3181 801 3222 vos
824 3163 928 3220 audire
948 3162 1108 3236 loquentes

262 3253 379 3325 Malim,
400 3271 488 3326 quam
509 3250 635 3310 Phoebo
655 3268 733 3325 quae
755 3255 846 3306 sonet
867 3248 928 3305 icta
947 3245 1073 3324 chelys?

225 3334 332 3410 Atquin
355 3355 405 3395 me
425 3335 539 3412 duplex
558 3343 682 3392 exercet
705 3352 785 3390 cura.
810 3332 920 3390 Videre

262 3419 342 3480 Nam
363 3421 446 3494 volo,
471 3439 588 3480 summe
607 3419 713 3490 vnum,
734 3425 776 3488 te,
799 3416 1012 3491 Damalimque
1024 3435 1133 3488 meam,

226 3499 288 3576 Qus
312 3506 412 3565 caleo:
437 3507 492 3566 sed
513 3503 656 3564 maioris
678 3502 782 3573 tutela,
803 3502 930 3576 piusque

263 3588 426 3650 Derculide
448 3610 467 3649 a
488 3599 594 3648 tenera
615 3596 677 3645 tam
697 3585 802 3661 procul
824 3594 907 3644 arcet
928 3587 1036 3644 honos.

554 3753 675 3836 anpdv
694 3748 807 3834 Ἔρως.
1041 3752 1136 3829 ζ(77)

227 3838 275 3900 Ius
295 3847 392 3904 nescit
413 3844 565 3904 violentus
587 3846 692 3904 Amor.
715 3841 866 3900 Diducere
888 3846 1039 3901 amantem
