3000 4725
738 638 888 731 js—

353 806 536 867 Perdiderat
552 804 613 865 ism
636 822 707 865 eura
728 812 852 865 metum.
875 807 963 882 quasi
983 810 1125 886 nuspiam
1147 811 1266 870 baberet

353 893 391 953 ln
412 891 504 952 nobis
527 906 608 949 nove
628 889 719 967 plage
739 889 853 963 locum,
877 910 985 951 secura
1005 897 1147 972 gemebat

353 979 517 1049 Annene,
537 974 607 1035 dum
629 992 715 1035 mens
742 976 878 1053 requiem
899 978 959 1037 sibi
979 980 1103 1038 credula
1119 965 1215 1059 fingit,

354 1060 559 1136 solamenque
578 1059 661 1133 meli,
684 1068 784 1119 certos
805 1061 949 1121 babuisse
970 1064 1106 1138 dolores,

352 1146 421 1206 Nee
440 1162 562 1222 sperare
584 1163 694 1217 noros,
715 1146 814 1205 donea
835 1146 884 1206 vis
901 1148 1006 1206 invida
1026 1150 1081 1207 fati

353 1231 500 1295 Curatum
521 1230 614 1291 finem
634 1248 705 1289 aurs
725 1231 801 1291 mibi
818 1231 892 1289 feoit
909 1232 941 1290 in
964 1252 1035 1307 una,

354 1318 455 1393 Quum
475 1317 587 1375 lectum
606 1314 758 1388 iuvenem,
778 1316 903 1375 vixdum
924 1318 1107 1394 pubentibus
1129 1321 1219 1379 annis

352 1404 438 1463 Mors
461 1400 570 1477 rapuit,
593 1420 655 1460 non
676 1400 731 1459 ille
756 1401 849 1460 decus
870 1402 1066 1463 laerimabilis
1087 1405 1166 1478 aevi,

353 1486 421 1547 Neo
441 1488 538 1547 oultae
562 1486 671 1544 studiis
695 1487 828 1562 speciem
849 1487 994 1546 miserata
1013 1489 1165 1549 iuventae.

354 1572 382 1633 O
406 1591 477 1649 spes
499 1570 690 1647 praecipites,
712 1592 732 1630 o
749 1571 865 1630 lubrica
886 1580 958 1631 vota
977 1581 1146 1649 parentum,

355 1656 443 1734 Quos
464 1654 599 1715 tirocinii
620 1675 675 1731 pro
695 1656 780 1715 mille
800 1656 958 1716 laboribus
983 1658 1111 1732 haustis,

353 1743 437 1803 Olim
460 1741 544 1799 mille
563 1748 687 1799 manent
705 1743 849 1800 orborum
871 1743 1004 1817 praemia
1026 1743 1135 1803 luctus.

351 1828 427 1888 Flos
448 1827 607 1898 Iuvenum,
629 1845 707 1901 quae
732 1844 801 1886 sors
822 1828 962 1886 humanis
981 1829 1074 1888 rebus
1097 1830 1200 1906 iniqua

352 1912 398 1972 Te
419 1913 509 1972 nobis
525 1912 613 1987 rapit,
637 1918 667 1969 et
687 1920 804 1969 tantum
826 1913 919 1971 decus
938 1912 1054 1971 inuidet
1074 1915 1165 1974 orbi?

353 1998 452 2073 Quem
474 1996 534 2055 iam
556 1996 680 2056 sublimi
699 1995 855 2071 Sapientia
877 1997 950 2057 sade
972 1998 1089 2056 locarat

350 2082 570 2160 Praegressum
588 2081 666 2139 fines
687 2100 800 2154 rerum,
819 2090 975 2157 metasque
997 2090 1163 2156 tenentem,

352 2168 437 2243 Quas
455 2167 544 2241 psuei
561 2174 686 2223 tenuere
708 2185 811 2226 senes.
832 2169 883 2242 qui
904 2167 1010 2225 limina
1032 2169 1131 2228 vietor

351 2250 456 2310 Ardua
477 2250 531 2309 vix
553 2250 609 2309 ulli
630 2251 709 2310 votis
732 2252 871 2310 adeunda
892 2252 1025 2327 priorum

352 2335 545 2414 Contigeres,
562 2335 634 2394 inde
654 2335 815 2417 insipiens,
838 2357 898 2414 quo
918 2338 1018 2397 serior
1038 2346 1124 2398 aetas

351 2420 488 2481 Desinit:
509 2420 580 2478 inde
603 2421 677 2498 vigil
694 2422 832 2481 disoendi
853 2423 981 2482 exordia
1001 2424 1099 2498 prima

351 2507 532 2578 Institusun
551 2506 602 2564 ubi
623 2506 693 2565 finis
715 2516 791 2566 erat
815 2509 930 2566 Verum
949 2509 1041 2585 ignee
1061 2527 1183 2584 semper

351 2591 408 2650 Vis
430 2589 524 2652 animi
542 2591 709 2666 hospitium
729 2594 844 2652 terreni
863 2594 1001 2668 eorporis
1021 2594 1096 2665 odit,

352 2680 567 2754 Augustusque
593 2695 695 2735 moras
717 2677 812 2736 virtus
835 2678 968 2752 perfecta
986 2687 1134 2756 gravatur.

351 2760 442 2838 Quod
455 2779 605 2821 summum
613 2768 671 2834 est,
682 2762 714 2819 in
727 2763 886 2838 praecipiti
897 2771 1020 2836 estnon
1031 2771 1169 2838 tempore
1176 2766 1263 2822 finem

350 2848 530 2923 Exspectat,
553 2847 652 2923 primo
673 2848 756 2921 quod
778 2849 839 2905 iam
860 2851 1005 2906 maturuit
1026 2867 1114 2908 aevo.

348 2932 412 2990 Vix
435 2931 492 2992 tibi
514 2931 611 3007 prima
633 2951 728 3009 genas
748 2934 906 2991 umbrabat
926 2933 1002 2991 flore
1023 2934 1158 3006 iuvante,

349 3015 504 3092 Sertaque
525 3035 697 3092 supremum
716 3017 874 3076 claudebat
897 3017 1058 3094 Olympias
1079 3037 1203 3091 annum,

350 3101 462 3176 Quum,
483 3102 624 3160 velutad
645 3102 763 3177 primos
788 3103 937 3178 expirans
955 3104 1049 3162 herba
1070 3103 1202 3176 calores,

347 3184 476 3256 Desinis,
498 3194 528 3244 at
550 3187 667 3246 eaelum
689 3195 907 3263 praeoeptaque
926 3188 1027 3247 sidera
1047 3197 1150 3246 mente

347 3269 492 3330 Festinus
512 3272 637 3346 repetis,
656 3273 762 3330 turbas
784 3281 927 3332 assuetus
948 3275 986 3332 ab
1008 3273 1070 3332 alto

348 3352 515 3430 Despioere
533 3357 691 3429 humanas,
716 3355 819 3432 proles
841 3376 904 3416 non
922 3376 1001 3416 vana
1020 3358 1156 3433 parentis

347 3438 535 3512 Dousiedae‚
557 3443 610 3516 qui
632 3441 659 3500 si
680 3441 796 3518 proprii
815 3442 988 3517 splendoris
1013 3451 1126 3520 egeret,

348 3521 549 3601 splendorem
572 3527 669 3600 potuit
691 3527 755 3585 nati
776 3527 886 3586 uirtute
907 3528 1026 3586 morari.

346 3611 393 3669 Ae
416 3609 552 3684 quumvis
574 3611 687 3686 patriae
707 3612 836 3685 meritis,
853 3612 1034 3690 generisque
1051 3613 1151 3671 nitore

348 3693 456 3754 Clarus
480 3712 563 3753 eras:
588 3702 688 3754 tamen
711 3697 866 3774 ingenim
889 3697 1090 3773 supereminet
1110 3716 1203 3756 omne

346 3779 471 3838 Altriois
493 3787 591 3838 terrae
612 3781 766 3855 meritum,
785 3801 882 3859 genus
906 3801 997 3842 omne
1014 3789 1176 3842 vetustum.

346 3863 414 3924 Neo
434 3865 548 3941 patriae
571 3865 718 3946 stirpisve¹
734 3868 830 3942 premi
853 3868 999 3945 gravime
1019 3866 1143 3928 sinebas
