3000 4725
749 629 898 726 ga

367 791 441 852 Non
462 794 624 866 oderimus,
647 815 709 854 uon
731 800 901 859 amabimus
925 801 1032 858 bonos.

368 964 419 1022 44.
464 962 631 1024 Commune
652 975 773 1043 petrum
793 967 905 1026 crimen
927 947 1117 1044 indulgentia
1138 978 1194 1043 est,

367 1049 461 1108 Vultu
481 1057 628 1127 pateruae
650 1053 784 1112 caritatis
810 1071 844 1111 se
867 1052 1010 1110 offerens.

369 1132 462 1193 Gnati
479 1135 598 1211 nepotis
616 1157 678 1196 uon
699 1155 840 1196 coercere
859 1138 1003 1213 impetus,

367 1221 409 1279 Et
427 1220 460 1277 in
480 1220 597 1278 ruinam
619 1222 851 1282 subministrare
873 1221 986 1295 omnia,

367 1305 500 1364 Affebile
523 1306 626 1364 odium
648 1315 705 1380 est,
726 1316 757 1366 et
776 1317 885 1384 tepens
906 1307 1078 1365 crudelitas.

293 1481 299 1490 '
370 1476 421 1533 42.
465 1473 575 1535 Statim
599 1475 761 1553 obligatur.
783 1476 835 1552 qui
856 1476 930 1534 facit
954 1476 1046 1554 digno
1066 1477 1155 1535 bene.

369 1560 524 1637 Quidquid
543 1559 671 1620 merenti
689 1561 744 1620 das
766 1561 851 1633 mihi,
876 1561 993 1637 imputo
1014 1561 1079 1621 tibi.

369 1731 420 1790 43.
463 1730 638 1792 Aedilitatis
662 1731 821 1807 expeditus
843 1730 957 1789 ambitu
1009 1774 1011 1779 .

367 1816 405 1874 In
425 1815 610 1876 Consulatus
631 1815 767 1874 fascibus
788 1823 891 1873 votum
910 1815 1052 1890 impedis.

370 1901 500 1961 Omnem
522 1900 659 1978 relegisti
680 1901 785 1958 Idibus
807 1901 979 1976 pecuniam,

371 1985 502 2060 Quaeris
525 1983 669 2044 Calendis
692 2003 840 2061 occupare
861 1985 993 2044 foenori.

368 2073 417 2130 Ab
437 2072 499 2130 ictu
520 2071 630 2130 amoris
651 2070 745 2129 molle
768 2069 924 2130 declinans
946 2069 1026 2128 latus

371 2154 478 2216 Scorto
496 2155 649 2231 impudico
671 2163 754 2214 totus
773 2155 805 2212 iu
826 2155 948 2235 plegem
970 2162 1068 2230 pates.

370 2239 493 2300 Crimen
515 2240 638 2317 fugasti,
660 2239 754 2296 victor
775 2240 855 2297 ultra
875 2259 937 2298 non
961 2239 1060 2297 times.

369 2324 526 2384 Instaurat
542 2343 611 2383 ecce
633 2324 782 2400 praelium
808 2325 979 2401 cupidinum
1054 2353 1058 2359 »

370 2413 484 2470 Aestus
504 2410 669 2481 rebellans,
695 2418 724 2467 et
744 2411 868 2469 refectis
890 2410 1004 2468 viribus

370 2496 408 2554 In
430 2504 460 2553 te
481 2496 662 2572 imparatum
685 2496 773 2572 signa
795 2497 933 2555 cominus
952 2502 1064 2553 movet.

371 2579 444 2639 Non
465 2589 513 2639 sat
534 2582 689 2639 domatur:
711 2592 759 2639 est
778 2580 1021 2656 triumphandum
1044 2579 1155 2638 scelus.

371 2666 454 2724 Laus
475 2685 538 2724 una
560 2665 659 2741 subigi
681 2674 729 2724 est
735 2686 743 2735 3
768 2665 864 2724 altera
884 2665 1000 2741 imponi
1018 2665 1132 2741 iugum.

372 2750 419 2810 Te
440 2750 513 2810 vitia
535 2752 667 2823 vincent,
690 2762 756 2808 tote
778 2751 888 2809 sinon
910 2750 1032 2807 viceris.

373 2920 422 2978 44.
467 2919 526 2993 Qui
546 2920 687 2997 gloriaris
710 2924 781 2980 ess'e
803 2920 942 2977 dominns
959 2919 1079 2990 civium,

372 3003 494 3065 Serviro
517 3005 613 3065 servis
637 3006 786 3080 quomodo
808 3013 898 3080 potes
920 3005 994 3075 tuis,

372 3088 431 3162 Qui
452 3097 498 3147 tot
519 3099 664 3165 tyrannos
689 3098 764 3165 quot
786 3090 935 3147 satellites
954 3087 1071 3146 habes?

372 3172 495 3234 Servire
516 3176 616 3233 servis
636 3174 746 3231 dicitur
766 3174 916 3250 Princeps
938 3176 1016 3245 suis,

372 3256 459 3330 Quod
479 3278 570 3335 agera
587 3278 643 3335 per
666 3278 700 3317 se
723 3259 827 3318 debuit
845 3278 900 3334 per
919 3259 974 3317 hos
997 3276 1104 3335 agens,
1163 3283 1165 3290 ·

371 3342 433 3400 Per
452 3344 510 3401 hos
531 3344 642 3402 vicarie
662 3344 802 3415 audieus,
826 3363 882 3419 per
905 3343 962 3401 hos
984 3342 1121 3417 loquens.

371 3428 570 3487 Auctoritatis
594 3448 700 3487 servus
721 3428 910 3499 immodicae,
930 3436 1004 3485 nota
1021 3434 1082 3498 est,

371 3513 592 3572 Auctoritatem
613 3533 673 3573 non
694 3514 834 3572 habentis
857 3513 1022 3588 Principis.

374 3682 426 3741 45.
469 3685 562 3741 Amor
580 3683 798 3757 obsequentum
823 3692 853 3741 et
875 3681 1055 3758 imperantis
1079 3680 1210 3757 dignitas

372 3766 473 3845 Regni
492 3767 626 3843 potentis
645 3770 743 3843 prima
769 3776 841 3827 sunt
859 3766 1035 3825 munimina.

374 3850 544 3913 Severitate
567 3852 678 3913 caritas
698 3853 855 3923 amittitur,
