3000 4725
642 604 794 699 21³2.

257 773 365 833 Miseri
386 772 521 849 lupinam
543 774 639 851 patris
660 774 796 851 explevit
815 774 938 849 tamem,

256 858 435 919 Extremam
458 859 572 919 arentis
591 867 702 917 terram
727 860 843 919 Edonis
867 860 1026 938 hospitem.

256 945 317 1003 Ast
339 944 416 1002 ultor
440 962 510 1003 acer
529 944 636 1021 Phryx
661 945 745 1003 necis
767 944 904 1004 sororiae

256 1028 377 1088 Rursus
396 1029 544 1087 nutricem
567 1027 769 1087 coutinentem
791 1029 889 1087 diruet

256 1112 360 1172 Parioi
382 1113 483 1190 opaci,
500 1113 573 1171 'iura
594 1114 813 1173 sincerissuma

257 1197 428 1259 Reddentis
452 1206 517 1258 arte
537 1206 714 1258 contumace
734 1198 887 1277 pluribus:

257 1282 424 1342 Lalisionis
448 1283 564 1341 aurium
589 1284 641 1360 qui
661 1284 849 1362 appendices

257 1368 385 1427 Flaccus
403 1367 555 1441 recidens,
577 1377 712 1445 tempora
735 1368 858 1429 ornabit
877 1384 944 1439 sua,

257 1452 375 1511 Muscis
400 1453 539 1512 timorem
560 1454 772 1531 sanguisorbis
793 1453 954 1511 adserens:

259 1534 319 1597 Oui
341 1546 449 1595 cuncta
470 1536 621 1615 Phlegrae
643 1546 724 1597 terra
747 1547 839 1615 capta
857 1537 980 1608 serviet,

259 1622 555 1697 Thrambusiumquc
576 1623 705 1696 culmen,
729 1632 819 1698 atque
843 1621 957 1681 caeruli

258 1707 366 1784 Rupes
388 1707 521 1779 Titonis,
546 1715 635 1783 atque
661 1706 821 1768 Sithonum
843 1706 963 1785 plagae.

258 1791 492 1867 Palleuiumque
512 1793 661 1868 iugerum,
685 1793 766 1868 quod
790 1792 930 1870 corniger

258 1876 362 1935 Rumo
386 1877 516 1955 saginat,
537 1877 603 1936 lixa
619 1877 718 1955 gentis
743 1878 872 1936 accolae.

259 1961 373 2020 Multas
396 1962 531 2023 vicissim
555 1962 720 2021 concitabit
740 1964 892 2021 lacrumas

260 2046 407 2122 Quirinus
431 2055 483 2105 aut
504 2046 667 2120 Gradivus,
690 2055 742 2107 aut
763 2065 854 2123 quem
876 2045 991 2103 dixeris

259 2131 485 2208 Ligurrientem
505 2140 575 2208 pota
598 2132 690 2190 caede
711 2132 838 2209 praelia.

260 2215 324 2277 Sed
347 2236 410 2275 non
433 2217 570 2291 quiescet
589 2218 634 2276 sic
655 2236 768 2295 parens
790 2215 973 2288 Promethei,

261 2300 325 2363 Sed
346 2321 401 2378 pro
421 2302 572 2363 universis
594 2302 698 2379 stirpis
723 2322 816 2362 uuum
834 2300 942 2362 Persei
1014 2318 1018 2323 ·

259 2388 362 2446 Mittet
383 2387 547 2466 gigantem,
571 2390 619 2448 cui
637 2389 688 2446 via
708 2407 792 2448 mare
815 2388 971 2464 hospitum

260 2471 328 2530 Erit
348 2472 493 2549 pedestri,
517 2481 547 2531 ct
570 2481 651 2532 terra
673 2474 867 2551 navigabitur

261 2557 375 2615 Tonsis
398 2558 514 2616 secanti
533 2577 611 2616 rura.
634 2566 705 2615 tuno
726 2557 882 2616 Feretriae

260 2640 381 2700 Domus
403 2640 548 2714 Quirinus
570 2649 635 2700 tota
654 2643 787 2719 flagrans
809 2641 931 2718 ignibus

262 2725 340 2785 (lum
362 2726 557 2785 moeniorum.
571 2726 672 2803 ligneo
694 2726 873 2802 procestrio,

261 2811 401 2871 Faunum
423 2811 545 2869 vocabit
565 2811 663 2886 pestis
686 2819 831 2882 autorem,
854 2827 999 2886 augurem

261 2896 501 2969 Mendaciorum,
523 2895 693 2971 Februiquc
715 2895 890 2954 antistitem.

263 2980 442 3056 Grudaeque
465 2982 548 3058 genti
570 2989 678 3038 cuncta
698 2980 859 3039 mandetur
882 2977 971 3037 simul

262 3065 418 3144 Degiubta
440 3065 553 3142 duplici
575 3065 722 3126 delibrato
747 3065 856 3124 cortice

263 3153 425 3210 Mansuete
447 3151 549 3208 nutrix
569 3151 731 3224 fructuum,
754 3158 845 3226 atque
868 3148 961 3206 arbos
985 3146 1064 3205 ierat

264 3235 469 3294 Exhaurietur
488 3237 588 3294 omnis
610 3237 692 3294 unda
713 3235 868 3294 fluminum

265 3319 339 3380 Sitis
364 3319 483 3379 calores
506 3321 621 3379 affatim
644 3318 899 3398 extinguentium:

263 3403 372 3464 Nubes
394 3405 514 3482 sagittis
536 3406 652 3464 eminus
678 3405 876 3465 stridentibus

265 3487 366 3567 Super
385 3497 476 3567 caput
496 3491 677 3563 crebrescet,
702 3498 793 3565 utque
816 3486 986 3548 Cimmerae

265 3574 412 3635 Obnubet
433 3576 557 3634 umbrae
579 3576 700 3650 squalor
721 3576 887 3633 obscurans
908 3571 1004 3629 iubar.

265 3658 372 3734 Qualis
394 3659 557 3720 Locrensis
579 3680 638 3718 non
660 3660 711 3717 diu
729 3659 821 3717 vivax
841 3675 926 3729 rosa,

264 3745 306 3804 ht
324 3752 432 3804 cuncta
452 3752 575 3804 vastans
596 3743 678 3803 velut
699 3744 802 3820 aprica
822 3739 978 3814 stramina,

264 3830 386 3890 Rursus
409 3830 522 3889 feretur
542 3831 573 3888 iu
597 3830 692 3906 pedes
710 3828 893 3907 reciprocus,
