3000 4725
623 598 776 693 „Q

237 766 509 840 Vastimanusque,
530 765 654 838 invicte,
676 773 766 842 aptus
786 764 953 843 palmaria
974 766 1088 841 opima,

211 875 213 878 ¹
236 851 398 923 Volturno,
420 856 528 909 auctor
550 846 700 927 tempori',
723 851 918 927 sempiterne,
940 851 1083 928 benigne,

237 936 365 1011 Indicte,
386 937 533 1014 agrestis,
560 936 637 993 bene
661 935 767 1009 votite,
790 935 998 1011 induperator,

237 1022 469 1100 Magnanimum
478 1039 531 1078 cor
537 1021 665 1093 habens,
673 1020 739 1077 fera
747 1021 892 1092 membra,
900 1019 1037 1077 salutifer
1049 1039 1156 1098 augur:

238 1106 420 1179 Omnivore,
443 1106 651 1181 omniparens,
678 1114 853 1181 praestans,
876 1112 963 1181 pater
985 1104 1114 1165 Tutane.

238 1191 297 1267 Qui
319 1192 446 1250 Titulus
469 1186 552 1261 olui’,
574 1190 731 1250 debellans
751 1192 887 1249 incicora
906 1198 1055 1250 monstra:

240 1274 368 1353 Semper
390 1294 488 1336 ovans
510 1276 596 1351 pacis
621 1275 740 1349 studiis,
765 1276 890 1334 nutricis
913 1276 1064 1334 honorae:

236 1360 317 1420 Nate
340 1371 396 1421 tuo
422 1360 558 1437 ingenio,
580 1359 687 1418 Terrai
708 1361 821 1420 invicta
841 1379 1004 1437 propages,

238 1446 356 1524 Ignibu'
379 1446 559 1523 primigenis
576 1445 698 1517 florens,
721 1466 738 1504 o
761 1447 809 1504 die
830 1445 950 1503 cluenti.

237 1532 383 1590 Matutam
408 1530 500 1607 capiti
520 1538 655 1607 gestans,
678 1538 859 1606 noctemque
880 1548 1072 1606 crepuscam:

239 1613 299 1675 Sex
319 1617 369 1675 bis
392 1616 433 1674 ad
454 1618 593 1673 occasum
617 1616 783 1675 absolvens
805 1616 970 1674 certamina
990 1616 1029 1672 ab
1053 1621 1134 1673 ortu:

238 1698 305 1760 Diis
326 1710 466 1778 experte,
491 1707 521 1757 et
539 1700 708 1776 inexperte,
730 1702 913 1759 inconcusse
935 1700 1080 1770 lacertos3
1126 1736 1129 1741 -

239 1786 344 1859 Adsis,
365 1786 538 1858 morborum
560 1803 727 1847 averrunoa
748 1785 883 1862 piamina
906 1792 1050 1861 portense

238 1869 277 1928 Et
293 1878 441 1948 portenta
463 1888 563 1942 move,
591 1871 728 1943 quatiens
754 1889 842 1929 sacra
863 1870 972 1927 februa
994 1869 1112 1928 dextra=

239 1954 276 2013 Ilt
295 1957 378 2014 mala
397 1954 593 2033 praepetibus
616 1955 738 2031 protela¹
757 1957 911 2014 obscoena
934 1954 1063 2031 sagittis.

483 2122 606 2181 Saturni
624 2124 765 2198 suffimen,
785 2131 912 2181 eturaca.
1119 2122 1154 2181 12

179 2211 182 2227 '
240 2204 441 2286 Ooeligenum
460 2208 621 2279 Diuorum,
644 2208 862 2283 hominumque
881 2207 1009 2265 illustris
1028 2207 1121 2284 origo,

239 2292 418 2366 Multivore,
441 2301 471 2351 ct
492 2290 648 2366 Lustrali',
668 2292 765 2367 Nero,
786 2292 913 2366 Nerion,
933 2292 1058 2351 Titane:

241 2377 299 2453 Qui
322 2386 435 2437 cuncta
457 2380 604 2451 absumiS,
626 2380 735 2454 quique
760 2380 862 2438 omnia
879 2380 1000 2454 perficis
1022 2380 1113 2451 idem,

239 2459 356 2523 Vinclis
378 2464 557 2540 indupedite
579 2483 635 2540 per
656 2465 737 2523 orbis
758 2472 846 2523 vasta
866 2463 992 2522 silenta:

241 2544 371 2607 Saturne
388 2549 457 2606 aevi
478 2549 665 2625 progenitor,
685 2548 815 2609 Saturne
836 2548 952 2619 dolose,

241 2630 347 2691 Terrai
370 2633 489 2710 proles,
510 2641 539 2691 et
561 2634 640 2692 coeli
662 2633 890 2712 signitenentis:

241 2713 351 2795 Stirps,
375 2736 485 2796 genus,
504 2719 663 2792 obstetrix,
685 2719 796 2778 Titane
817 2719 989 2788 endostrue,
1008 2715 1087 2792 Opis
1100 2716 1156 2789 vir,

241 2797 299 2873 Qui
320 2803 466 2881 genitalis
487 2803 553 2861 obis
576 2822 630 2877 per
650 2805 755 2863 mnndi
777 2803 896 2880 singula
915 2802 1062 2873 membra,

241 2883 389 2960 Calvitor,
409 2895 550 2946 versute:
571 2887 679 2946 favens
702 2889 853 2947 orantibu'
873 2887 964 2957 votis,

241 2973 461 3048 Aequanimum
479 2973 560 3032 vitae
582 2973 673 3030 finem
696 2974 873 3032 mortalibus
895 2971 990 3029 adfer.

442 3140 549 3199 Latine
569 3140 640 3216 Opts
659 3143 800 3218 suffimen,
822 3151 963 3200 aromata.
1117 3139 1154 3198 lu

242 3221 306 3298 Ops
328 3226 513 3297 veneranda,
533 3244 628 3302 genus
652 3227 814 3285 Vortumni
831 3224 1027 3302 Primigensi,

242 3305 389 3384 Quaeque
410 3311 507 3388 agitas
529 3311 620 3369 etiam
640 3311 796 3371 volventia
812 3311 947 3386 plaustra
968 3308 1133 3368 Trionumr

242 3389 531 3471 Tumpaniverbero,
553 3397 656 3468 corita,
682 3404 771 3470 atque
790 3396 947 3472 aeriorepa
967 3395 1063 3473 uirgo,

240 3475 337 3537 Mater
358 3499 470 3558 magna
490 3480 586 3551 Iovis,
606 3482 704 3552 Latia,
729 3481 795 3556 Ops
818 3475 966 3550 coelesti',
986 3478 1106 3554 palude,
1139 3483 1142 3488 ’

241 3557 360 3636 Polcra,
381 3574 411 3624 et
430 3566 587 3637 honorata,
611 3575 641 3624 et
663 3563 786 3626 Saturni
806 3573 936 3642 ungusta
957 3565 1076 3636 marita,

241 3643 386 3708 Montibu’
404 3668 480 3724 quae
499 3651 626 3728 gaudes,
645 3650 859 3726 hominumque
873 3645 1031 3709 ululatibu'
1049 3647 1158 3719 sacris,¹

243 3727 310 3808 Ops
331 3735 471 3807 Maiestas,
493 3753 604 3810 parens
627 3735 804 3812 belliorepa,
825 3733 923 3793 Nerio
944 3734 1017 3806 Dia,

244 3811 424 3896 Sospitnqne
446 3827 476 3881 et
497 3820 638 3894 mendax,
660 3820 878 3895 Picumnaque,
899 3819 1013 3878 Libera
1024 3825 1137 3880 metere
