3000 4725
744 668 895 761 —stss

362 836 436 897 Non
457 836 503 897 illi
521 836 614 913 prisci
636 843 784 897 oertssset
802 856 907 895 norma
923 834 1067 909 Gntetis,

362 921 437 981 Non
456 921 540 983 cuiue
561 921 683 999 spurios
702 941 810 982 versus
830 940 959 981 censure
978 922 1105 994 noterit,

362 1008 403 1066 Et
426 1006 511 1067 lueso
533 1025 552 1065 e
575 1006 692 1066 mendis
718 1007 823 1067 obelos
843 1007 1000 1082 impressit
1021 1005 1172 1065 Homero.

363 1091 537 1153 sistorum
559 1099 678 1168 ereptos
702 1092 823 1151 blandis
844 1091 1013 1150 nutricibus
1036 1109 1136 1151 annos

362 1175 510 1237 Erudiere
531 1175 629 1249 Deae,
650 1177 745 1237 doner
764 1178 812 1236 vis
834 1176 944 1235 mentis
970 1176 1092 1234 adultae

362 1262 412 1323 Ad
430 1280 559 1339 magnos
582 1280 704 1335 census,
726 1263 927 1339 gravioreque
947 1269 1056 1337 coepte
1074 1268 1206 1319 vorum

363 1347 450 1405 Tune
471 1345 550 1419 Dea,
571 1364 662 1421 quum
683 1366 780 1423 penes
800 1354 848 1405 est
869 1346 967 1405 uultue
989 1346 1135 1404 fecundis
1144 1346 1273 1425 linguae,

364 1432 452 1507 Quae
473 1431 561 1490 dotes
582 1432 643 1489 oris
666 1431 781 1504 tribuit,
802 1450 989 1509 regnumque
1012 1430 1164 1506 loquendi,

362 1515 467 1577 Induit
486 1516 594 1575 Actaei
618 1534 743 1591 puerum
764 1515 981 1575 Demosthenis
1003 1535 1104 1573 arros:

362 1600 487 1675 Eloquii
507 1602 642 1660 florentis
666 1619 753 1677 opes,
774 1608 982 1676 momentoque
1003 1600 1086 1659 fundi

365 1686 482 1756 Tradit,
505 1694 536 1745 et
557 1685 704 1745 attonitus
727 1694 822 1744 ortem
844 1705 922 1761 quoe
943 1692 1101 1763 permovet
1121 1703 1225 1758 eures,

307 1813 308 1816 η
363 1769 558 1846 Arbitrioquo
581 1790 638 1830 suo
660 1772 837 1830 moderetur
856 1771 945 1829 frena
965 1789 1105 1829 corones.

363 1854 423 1915 His
443 1856 538 1915 saeris
561 1855 708 1929 imbutus,
729 1857 783 1929 eit,
804 1863 875 1933 pete
894 1855 1002 1915 limina
1021 1856 1135 1933 legum,

365 1939 450 2015 Quae
469 1940 525 1999 tibi
543 1940 672 1999 reeludit
694 1942 792 2001 nostri
810 1940 921 1999 fiduoiu
942 1941 1059 1999 duetus„

364 2024 407 2085 Ut
426 2032 546 2083 rectore
567 2044 685 2097 cerens,
705 2033 735 2085 et
756 2022 841 2085 nullo
864 2025 980 2103 remige
1000 2033 1066 2085 tute

364 2109 545 2167 Ludibrium
567 2111 650 2169 venti
672 2111 786 2187 puppis
807 2111 936 2169 iactetur
954 2111 986 2168 in
1006 2110 1113 2169 undis:

364 2193 418 2254 Sie
437 2194 608 2268 quicunque
631 2194 713 2253 subit
730 2195 888 2257 Themidis
914 2195 1049 2262 seursrio
1068 2195 1190 2270 Mystes

364 2278 457 2337 Lusis
478 2297 572 2356 egens
593 2287 729 2353 nostroe,
755 2281 932 2355 cunctisque
951 2273 1108 2356 paratibus
1130 2281 1236 2353 orbus,

365 2364 453 2439 Quos
474 2366 591 2422 munire
614 2365 713 2423 solent
735 2367 839 2440 pueris
861 2366 1048 2426 dieeentibue
1070 2366 1181 2425 Artes:

364 2447 518 2508 Excussae
540 2449 796 2524 communiunt,
820 2451 900 2526 quod
917 2458 1018 2509 mente
1038 2450 1170 2526 profane

364 2534 444 2592 Iuris
466 2533 623 2594 iueuuesso
644 2535 750 2611 posuit
770 2536 900 2613 vestigio
922 2535 1007 2594 iuoo:

364 2619 405 2677 Iit
427 2637 580 2694 nunquam
600 2619 685 2678 visus
707 2621 808 2698 adytis
830 2619 971 2678 immittet
992 2619 1118 2696 opertis.

365 2703 469 2761 Exere
492 2701 641 2764 vividulos
661 2705 755 2764 enimi
777 2705 902 2766 solertis
922 2705 1077 2780 ooellos[,]

366 2787 445 2848 Cure
467 2807 552 2865 puer.
576 2797 608 2848 to
628 2789 697 2848 iure
716 2799 834 2864 vocent,
858 2809 1029 2864 amneque
1047 2791 1159 2868 legum.
1209 2813 1215 2833 ’ν

366 2873 412 2932 Te
432 2891 489 2932 suu
509 2875 640 2933 votivum
662 2875 789 2934 Themis
807 2877 840 2934 in
860 2875 1030 2951 penetralia
1051 2873 1152 2949 mittit,

365 2957 451 3032 Quae
471 2965 502 3017 te
521 2960 683 3036 purpureis
705 2961 854 3019 insertum
876 2960 1020 3018 Putribus
1040 2959 1117 3018 olim

366 3041 507 3121 Signabit
524 3043 652 3118 meritis,
671 3064 834 3122 rerumque
852 3044 990 3122 imponet
1008 3044 1149 3104 habenis.

365 3127 461 3186 Disce
483 3129 551 3203 quis
575 3129 671 3187 officii
687 3129 789 3202 limes,
818 3149 897 3207 quse
915 3129 1023 3207 regule
1042 3129 1128 3202 recti,

361 3210 443 3285 ,Quis
463 3212 547 3272 lieito
570 3215 653 3287 finis,
674 3215 801 3272 vetitum
819 3234 899 3290 quoe
918 3233 1022 3291 poena
1041 3221 1200 3290 sequetur:

367 3296 482 3371 Qualia
497 3298 545 3356 bis
568 3299 651 3357 senis
672 3299 785 3358 tubulis
811 3318 942 3359 sanxere
961 3297 1108 3372 Quirites,

366 3383 428 3442 Aut
447 3381 605 3442 Praetoris
625 3383 736 3457 honos,
758 3392 810 3442 eut
832 3382 974 3446 Gesseris
995 3383 1059 3441 nitu
1075 3390 1221 3460 potestus.

366 3465 491 3525 Artibus
515 3466 616 3526 exeita
638 3469 684 3528 bis
707 3469 847 3528 homines
870 3473 1002 3529 Astraea
1021 3468 1138 3540 revisit,

366 3549 551 3610 Praetulerit
572 3546 709 3626 quemvis
730 3553 831 3612 telluri
850 3554 961 3626 sidera,
982 3561 1153 3630 postquam

366 3637 470 3696 Aures
489 3635 619 3694 deterius
640 3638 757 3697 vitiavit
777 3639 861 3698 seole
883 3639 1047 3698 metullum.

368 3719 427 3778 His
449 3739 569 3796 quoque
591 3721 746 3781 barbarico
766 3724 971 3799 squelleseere
993 3724 1099 3783 seruis
1117 3724 1178 3782 ritu

367 3804 555 3876 Dedisount3
578 3812 619 3879 et,
641 3807 693 3882 qui
715 3808 812 3866 voluit
832 3808 953 3866 feritate
972 3808 1082 3882 timeri,

366 3889 447 3948 Iura·
461 3891 554 3950 timet.
575 3890 729 3966 Velidum,
752 3893 913 3969 saevisque
933 3895 1088 3970 potentius
1106 3889 1215 3967 'ermis
