3000 4725
632 592 784 685 —32-7—

247 756 299 815 Nil
318 758 445 833 melius,
471 778 539 817 ere
560 760 642 836 quod
666 762 705 821 sit
727 762 895 834 amborum,
918 778 1031 835 precer.

247 842 322 901 Teu.
367 844 442 902 Heu
463 864 553 920 quam
576 844 689 927 citatim
705 853 894 904 mortuorum
915 846 1013 922 gratia

245 926 373 1005 Ingrata
395 930 484 1003 cedit,
507 938 597 1005 atque
618 938 720 1007 partes
742 930 865 989 deserit.

246 1009 410 1089 Siquidem
433 1014 482 1072 hic
501 1033 557 1072 nec
579 1016 669 1073 etiam
692 1018 731 1074 ob
752 1032 848 1092 parva
869 1014 949 1071 dictu
969 1013 1072 1070 munia

244 1098 390 1156 Meminit
411 1100 464 1172 tui,
488 1100 584 1158 Aiax:
607 1100 713 1174 quoius
737 1100 810 1159 oiim
832 1100 930 1177 gratia

245 1180 315 1242 Tuo
335 1183 455 1260 periclo
473 1192 516 1243 tot
537 1185 653 1261 pericla
672 1186 870 1244 exhauseras.

245 1264 308 1326 Sed
327 1268 431 1327 omnis
452 1269 514 1327 iste
534 1269 620 1327 fluxit
641 1272 778 1348 ingratus
800 1271 899 1329 labos.

246 1350 273 1410 Ο
295 1353 489 1429 proloquute
510 1372 649 1430 perpera,
672 1365 762 1430 atque
780 1356 899 1414 inania:

246 1436 374 1497 Oblitus
399 1438 476 1497 adeo
499 1457 544 1512 cs,
567 1439 689 1515 quando
710 1458 768 1499 nos
788 1442 821 1500 in
844 1436 962 1518 praelio

243 1520 439 1582 Periculosis
457 1523 619 1599 impeditos
642 1526 794 1599 cassibus,

243 1603 343 1665 Nulla
368 1608 477 1667 salutis
501 1626 566 1684 spe,
593 1617 682 1684 atque
703 1628 815 1670 vorsos
838 1610 870 1667 in
891 1608 994 1684 fugam

243 1689 368 1768 Eripuit
390 1693 450 1751 iste
472 1712 528 1753 vos
552 1712 608 1751 suo
632 1694 779 1754 adventu:
799 1694 876 1754 foris

245 1772 322 1834 Cum
344 1778 463 1836 fureret
485 1778 594 1837 ardens
614 1778 693 1857 ignis
714 1780 745 1837 in
767 1779 940 1849 navalibus,

244 1858 397 1921 Flammis
419 1862 550 1935 adultus,
573 1864 663 1939 inque
685 1864 815 1925 classem
842 1863 993 1921 nauticam

244 1944 382 2005 Irrueret
404 1948 521 2007 Hector
542 1949 682 2006 variceus
703 1948 816 2007 vallum
837 1946 960 2025 impete.

246 2026 322 2102 Quis
342 2033 422 2091 haec
442 2033 611 2109 repressit?
636 2052 698 2091 non
719 2034 746 2091 is
773 2042 833 2106 estp
852 2034 904 2108 qui
923 2031 996 2090 fecit
1017 2030 1103 2100 haec,

246 2113 346 2189 Quem
372 2118 538 2177 contulisse
561 2118 700 2194 nuspiam
722 2119 830 2194 pedem
853 2118 1014 2177 autumas?

246 2197 364 2259 Veron‘
390 2203 416 2261 is
439 2202 491 2260 ille
515 2203 588 2260 fecit
610 2204 696 2277 haec,
719 2212 749 2261 et
773 2204 902 2269 sedulo?

248 2280 324 2343 Cum
347 2306 406 2345 nec
431 2295 569 2361 vocatus,
592 2295 675 2347 sorte
696 2290 749 2349 scd
771 2290 879 2349 ductus
902 2306 1025 2348 manum

248 2368 423 2446 conseruit,
445 2373 506 2431 acri
528 2382 719 2450 comparatus
742 2376 877 2434 Hectori.

247 2451 315 2514 Nec
336 2458 419 2516 enim
439 2458 577 2536 fugacem
599 2460 713 2518 iecerat
736 2460 911 2519 sorticulam

249 2537 351 2601 Gleb'a
372 2543 522 2602 madentis
544 2545 629 2616 uber,
652 2553 701 2602 ast
722 2562 800 2618 quae
822 2546 968 2624 primitus.

247 2622 368 2685 Educta
386 2629 506 2686 casside
525 2628 671 2706 impetum
693 2622 874 2687 citasceret.'

247 2706 336 2770 Haec
359 2712 413 2770 ille
434 2713 517 2786 fecit,
542 2722 631 2788 atque
655 2731 712 2790 ego
733 2732 795 2770 una
815 2713 953 2785 interfui,

248 2792 316 2872 Ego
341 2816 459 2871 servus,
483 2806 572 2873 atque
592 2806 688 2856 matre
710 2799 841 2855 barbara
861 2797 969 2857 editus.

249 2876 337 2940 Haec
359 2884 463 2956 verba,
484 2884 575 2941 stulte
597 2901 664 2941 cum
687 2884 809 2959 strepis,
833 2902 893 2958 quo
915 2881 1067 2959 respicis?
1167 2878 1235 2934 129⁰

248 2960 376 3040 Nescis,
397 2969 441 3025 tui
458 2967 510 3041 qui
529 2975 671 3045 prosator
693 2968 788 3044 patris
810 2968 878 3041 fuit,

248 3047 365 3128 Pelops
388 3059 537 3126 vetustus,
559 3072 605 3110 em
626 3053 722 3114 fuisse
742 3053 925 3112 barbarum?
1002 3074 1006 3091 ¹

250 3132 351 3194 Tuum
375 3145 510 3195 satorem
531 3146 630 3196 autem
652 3144 778 3197 Atreum
798 3154 1001 3197 sacerrumum

250 3216 351 3278 Fratri
373 3221 528 3281 vorandos
551 3227 715 3299 apposisse
736 3223 870 3282 liberos?

251 3301 296 3362 Te
317 3313 414 3364 mater
433 3315 534 3365 autem
557 3306 670 3367 Oressa
687 3307 822 3384 protulit,
845 3325 918 3366 suus
1168 3302 1235 3356 1295

253 3386 352 3464 Quam
373 3391 571 3468 deprehendit
593 3411 659 3450 cum
677 3394 741 3452 viro
760 3390 862 3450 alieno
884 3399 979 3467 pater,

251 3471 405 3552 Mutisque
427 3478 499 3535 iecit
516 3478 661 3554 pabulum
682 3478 867 3535 natantibus.

252 3555 363 3618 Taline
385 3562 457 3620 talis
481 3563 589 3622 obiicis
611 3579 707 3638 genus
731 3561 825 3619 mibi?

253 3640 423 3704 Telamone
445 3647 497 3722 qui
517 3666 583 3706 sum
606 3655 691 3722 patre
714 3653 893 3723 prognatus,
913 3663 1012 3703 meam

255 3725 315 3803 Qui
335 3731 503 3807 praemium
525 3732 643 3790 virtutis
665 3751 705 3789 ex
728 3731 861 3788 exercitu

254 3807 369 3873 Habuit
389 3825 546 3894 parentem
571 3816 784 3875 concubinam:
810 3815 894 3893 regio
