3000 4725
626 650 779 745 A

247 817 324 891 Quid
345 818 476 875 referam
500 816 592 875 nullis
615 817 835 879 indelessabila
857 838 966 896 corpus

246 900 371 974 Usibus,
393 910 423 960 et
442 901 564 979 patiens
587 921 678 961 aurae
699 904 851 981 glacialis,
875 912 906 963 et
922 906 1051 965 matus?

246 988 322 1061 Quid
344 987 443 1047 sumni
461 988 611 1046 immunes
632 988 759 1048 oculos?
778 989 850 1063 quid
871 992 1008 1048 membra
1029 991 1133 1050 labore

246 1072 418 1149 Campestri
440 1071 558 1144 durata,
578 1092 634 1131 nec
656 1075 709 1131 uni
731 1085 805 1131 nata
825 1074 1022 1149 palaestrae?

244 1157 342 1233 thue
363 1157 437 1215 illae
457 1156 542 1214 dotes
565 1157 727 1217 vincebant
748 1166 879 1217 caetera.
899 1159 943 1216 ita
967 1179 1045 1219 unus

244 1242 366 1300 Vicerat
387 1243 442 1300 has
467 1241 586 1301 animus
609 1262 764 1320 generoso·
784 1245 923 1301 incoctus
945 1244 1085 1319 honesto,

243 1327 386 1402 Puraque
409 1344 495 1385 mena
519 1326 595 1384 nulli
615 1328 755 1387 vitiorum
776 1329 884 1405 pervia
903 1327 976 1400 labi,

244 1413 283 1470 Et
304 1412 381 1469 recti
403 1411 549 1483 retinens,
573 1420 603 1471 et
622 1413 737 1472 vindex
756 1413 873 1473 fraudis
890 1431 1012 1486 avarae,

245 1496 323 1555 'l'um
348 1496 456 1573 pudor,
476 1504 507 1554 et
528 1515 628 1557 mores
646 1498 758 1574 priscis
782 1498 936 1557 Heroibua
957 1500 1057 1573 aequi,

243 1582 281 1641 Et
303 1590 408 1640 caetae
430 1580 563 1659 gravitas
585 1602 644 1640 non
667 1583 810 1641 affectata
831 1582 982 1658 loquelae:

244 1665 357 1727 Sobria
379 1666 560 1742 temperies:
582 1667 668 1726 frona
691 1688 754 1726 non
777 1668 858 1726 elata
876 1668 1058 1744 secundia[‚]

242 1750 312 1810 Non
333 1751 451 1810 deiecta
473 1752 573 1824 malis,
594 1752 747 1829 mediique
767 1754 799 1815 in
821 1760 947 1828 utroque
968 1761 1098 1811 tenores.

243 1837 366 1895 Interea
387 1854 517 1913 magnae
539 1836 658 1914 legatus
681 1839 821 1914 poscitur
839 1836 928 1909 Urbi,

243 1920 370 1998 Septem
392 1940 472 1996 quaa
492 1941 553 1979 una
572 1922 632 1981 sibi
655 1923 772 1999 granno
795 1922 1004 1997 complectitur
1025 1940 1122 1981 arces.

243 2008 410 2083 Quaeritur
432 2026 448 2064 e
469 2006 568 2064 medio
589 2000 762 2083 procerum,
787 2026 866 2083 quae
886 2007 1021 2065 maxima
1042 2016 1127 2067 tanto

242 2095 326 2169 Apta
347 2091 427 2150 soret
448 2092 550 2149 cervix
571 2092 665 2150 oneri.
692 2092 761 2151 Tua
783 2093 904 2170 cognita
924 2093 1021 2151 virtus

242 2173 314 2235 Non
334 2184 382 2235 est
404 2195 499 2252 passa
520 2177 571 2234 diu
593 2186 724 2235 mentem
748 2186 856 2235 numne
876 2177 1010 2255 legentis

240 2261 409 2338 Principis,
432 2270 484 2319 aut
503 2280 662 2338 procerum
682 2262 805 2321 faelicia
824 2270 897 2321 vota
915 2263 1041 2322 morari.

242 2346 389 2407 Mitteris:
410 2354 441 2404 et
460 2364 551 2423 quam
575 2355 657 2406 certa
675 2348 766 2420 fides,
788 2368 881 2425 quam
903 2349 1029 2424 provida
1049 2369 1132 2423 eura,

241 2437 305 2492 Aut
326 2442 379 2490 tua
399 2451 476 2507 quae
500 2432 591 2490 fuerit
606 2433 710 2492 claros
735 2441 874 2510 spectata
892 2453 948 2510 per
972 2442 1058 2494 actua

243 2517 411 2588 sedulitas,
433 2518 532 2576 sensit
552 2517 713 2595 Princeps,
734 2519 838 2578 videre
859 2516 1004 2591 Quirites.

243 2601 323 2676 Quin
346 2603 437 2660 etiam
460 2603 639 2677 obsequium
661 2604 756 2680 longa
774 2603 806 2661 in
829 2604 962 2663 statione
982 2612 1110 2676 teneret,

242 2687 377 2764 (Tantus
399 2706 482 2745 amor
500 2687 601 2765 Regni
625 2698 683 2761 est,
704 2697 791 2746 tanta
813 2696 862 2747 est
873 2689 1044 2747 reverentia
1052 2688 1162 2768 Regia)

242 2772 411 2832 Emeritum
434 2772 495 2830 nisi
514 2774 586 2845 iam,
608 2773 737 2832 lustrum
759 2774 953 2832 volventibus
975 2775 1076 2844 annis,

243 2858 346 2917 Roma
367 2858 545 2917 redeuntum
568 2858 665 2934 patrio
687 2867 717 2916 te
739 2858 880 2916 redderet
902 2858 979 2916 orbi.

287 2943 360 3000 Vita
381 2943 482 3000 bonae
505 2943 591 3019 pacis
617 2943 721 3001 dulces
746 2944 941 3020 agitataper
961 2960 1036 3000 usus

243 3027 445 3104 Militiamque
467 3027 568 3099 aulae,
588 3029 689 3104 potuit
710 3027 875 3102 tranquilla
894 3027 989 3085 videri

243 3113 413 3172 Hactenus.
434 3112 515 3170 Hinc
536 3113 621 3171 erudi
644 3113 754 3172 studiis
778 3113 915 3171 exercita
935 3111 1043 3170 Martia
1138 3113 1151 3125 '

244 3196 377 3258 Caetera
398 3197 513 3256 luricae
535 3199 590 3256 sub
612 3198 751 3274 pondere
774 3198 877 3256 canuit
894 3205 989 3256 aetas.

244 3282 320 3355 Quis
344 3293 494 3340 memoret
516 3301 604 3341 curas
628 3283 731 3357 animi,
756 3283 932 3342 discrimina
954 3284 1045 3356 vitae,

245 3365 308 3426 Sub
329 3367 405 3426 Iove
427 3366 550 3426 duratas
575 3368 700 3426 hiberno
723 3368 822 3427 sidere
843 3379 959 3441 noctes,

244 3455 344 3528 Atque
366 3452 558 3529 intempestis
581 3454 716 3527 equitata
738 3453 896 3511 cacumina
918 3453 1030 3512 nimbis

244 3537 389 3596 Fortibus
412 3537 518 3596 indutu
538 3537 669 3614 rigidum
690 3538 815 3596 thoraca
835 3537 969 3610 lacertis,

246 3621 373 3700 (lugenti
393 3629 520 3696 turmas,
542 3621 681 3699 implenti
703 3624 808 3681 munia
828 3623 931 3699 magni

245 3707 353 3767 Militis
377 3714 467 3782 atqua
490 3707 598 3766 ducis?
620 3708 770 3766 Lemovix
792 3715 911 3766 rectore
934 3708 1057 3766 carebat
1122 3766 1125 3772 ,

245 3791 362 3865 Limus,
384 3793 556 3866 Aquitanae
576 3792 718 3851 scindens
742 3793 876 3850 confinia
896 3802 1005 3865 terrae,

247 3875 401 3955 Tempore
420 3895 481 3954 quo
502 3877 609 3955 Stygio
631 3885 722 3954 caput
743 3877 908 3936 extollebat
927 3879 966 3935 ab
988 3884 1077 3934 antro
