3000 4725
719 646 871 741 je—

338 818 552 896 Terrigenam:
573 817 722 895 sirempse
735 835 826 890 roeo,
840 832 1080 891 aequoreamque
1094 815 1248 889 Paludem,

337 904 377 964 lit
398 902 575 961 vitulautem
594 902 674 961 inter
694 900 801 980 nigros
821 902 971 961 Lemures
991 898 1168 972 Libitinam,

337 986 423 1061 Quae
443 986 513 1045 looa
533 994 622 1047 vasta
641 985 725 1058 eolit,
754 1001 911 1047 nervorum
933 1004 1071 1063 sanguen
1091 986 1230 1058 adulans,

338 1071 539 1148 Omnipotens
560 1072 678 1149 regine,
697 1069 840 1145 canaria,
861 1069 981 1130 Noctua
1002 1072 1100 1147 virgo,

337 1156 467 1230 Cernen,
490 1156 631 1234 perpetui
650 1158 756 1216 mundi
779 1156 910 1232 Bupetia
931 1163 1048 1228 saneta,

336 1242 422 1316 Dux,
444 1242 519 1315 vira,
540 1242 663 1313 Rumia,
685 1240 770 1300 Diva
786 1257 902 1319 vagans
923 1260 979 1317 per
1000 1258 1130 1317 scrupea
1149 1256 1239 1311 aua,

337 1327 420 1386 Mitis
444 1328 488 1385 uti
511 1326 626 1386 uostris
648 1328 771 1387 intersit
792 1326 922 1385 eandida
944 1325 1036 1398 votis,

336 1411 472 1472 Numina
490 1412 646 1489 praesenti
667 1420 791 1489 gratans
813 1414 896 1471 bona
916 1411 1019 1469 inusta
1039 1410 1183 1469 bubuleo.

522 1578 639 1658 Orphei
658 1579 907 1659 indigitamenta
926 1580 1071 1643 Deornm
1170 1594 1174 1600 ’

342 1670 351 1721 1
394 1713 396 1719 ,
465 1666 589 1725 Careiae
607 1664 790 1725 &mentione
812 1668 967 1736 Furculae,
988 1676 1140 1725 storacen.

336 1751 473 1810 Adsiso
494 1750 667 1810 venerenda
689 1752 798 1821 Deum,
818 1752 950 1810 Maieste
971 1748 1112 1821 Camilla,

336 1833 500 1895 Foeterum
521 1836 652 1907 tutilina,
675 1844 706 1895 et
727 1836 845 1895 Lucina
869 1836 1035 1895 dolentum:

338 1918 465 1998 Sospita
486 1920 628 1979 foeminei
651 1922 729 1993 sexi,
753 1922 894 1981 studione
914 1920 1070 1998 propngie,

336 2004 526 2078 Nummeria,
548 2014 639 2081 etque
659 2006 748 2065 novis
767 2008 870 2084 nuptis
889 2004 959 2064 Dea
971 2004 1105 2064 Foreule
1115 2023 1254 2080 praeses.

337 2088 467 2165 Carnes,
489 2090 658 2168 perfacilis,
674 2092 834 2164 Pienmnn,
860 2092 967 2150 eadem
987 2090 1119 2149 omnibu'
1141 2090 1237 2149 mitis.

338 2174 422 2247 Quae
447 2183 623 2235 eunetornm
636 2176 756 2237 habitas
769 2177 874 2248 aedes,
888 2177 1055 2253 epulasque
1064 2174 1253 2250 frequentas.

338 2258 448 2319 Ginxia
470 2268 499 2317 et
519 2261 631 2333 invise,
652 2269 701 2320 ast
720 2262 809 2321 iactis
830 2262 936 2319 eadem
954 2255 1087 2318 omnibu'
1112 2278 1237 2335 parens.

335 2344 461 2404 Parium
471 2365 594 2423 aegrum
605 2346 767 2421 miserans,
780 2367 905 2406 numero
916 2340 1084 2423 parentibu'
1100 2345 1255 2422 gandensi

336 2430 399 2488 Dia
422 2431 570 2507 perunde,
592 2431 681 2492 luens
704 2441 853 2492 uterorum
877 2432 1045 2511 aegerrima
1066 2431 1215 2491 elenstra.

337 2515 383 2574 Te
401 2515 503 2575 foetae
527 2517 669 2590 vocitant,
693 2518 833 2576 solamen
853 2517 940 2576 dnlee
958 2517 1114 2575 laborum:

335 2599 417 2660 Nam
442 2609 475 2660 tn
494 2601 731 2678 fuetiperentum
755 2610 909 2661 uterorum
930 2602 1063 2659 eleustus
1078 2600 1235 2677 resignas.

338 2685 366 2746 O
388 2685 525 2745 Partuna
544 2686 658 2760 Diana,
679 2687 821 2760 Palatua,
840 2687 1024 2746 Limentiua.
1328 2764 1329 2767 Ἴ

337 2769 450 2831 Suffiee
470 2772 589 2848 prolem
610 2773 733 2846 elmem,
756 2773 843 2832 titula
862 2773 988 2831 adstans
1007 2769 1241 2847 parturientum.
1328 2796 1329 2799 ¹

335 2857 376 2914 Et
396 2875 496 2930 serva,
521 2858 655 2916 omnium
677 2859 722 2916 uti
741 2858 818 2917 uluis
842 2876 963 2933 semper
983 2855 1104 2931 sospita
1125 2855 1214 2916 Iuno.

337 3025 355 3082 2
600 3027 706 3085 Noctis
725 3028 868 3102 suffimen,
893 3036 992 3084 torres.

335 3109 413 3167 Tete
432 3108 513 3168 Diva
528 3129 602 3169 voeo
620 3111 815 3188 omniparens
831 3111 1002 3184 Divnmque
1016 3109 1241 3183 hominumque.

334 3194 521 3269 Principium
535 3203 583 3254 est
593 3193 668 3255 Nox
680 3197 824 3268 omnium,
846 3205 876 3254 et
890 3204 939 3254 est
949 3193 1020 3253 Nox
1030 3193 1144 3254 Murtia
1153 3193 1251 3252 nobie.

334 3278 415 3340 Audi
434 3275 516 3338 Diva
536 3299 661 3356 pareus,
689 3281 837 3358 caligans,
863 3280 1036 3339 sideriluea.

337 3363 425 3439 Quae
445 3362 516 3422 loen
534 3365 621 3444 pigra
642 3365 726 3439 oolis,
748 3384 911 3440 somnoque
932 3363 1097 3425 habitanda
1114 3362 1230 3422 silenti.

334 3446 481 3520 Iucunda,
502 3455 533 3505 et
550 3469 678 3524 pernox,
701 3450 906 3527 epulonaqne,
928 3451 1049 3510 somnia
1067 3449 1199 3525 gignens
1255 3523 1259 3528 ι

335 3531 490 3608 Gnriinga,
514 3541 605 3610 atque
625 3536 760 3611 optenda
779 3536 866 3610 quies
888 3535 1099 3612 placidissima
1117 3551 1228 3590 rerum.

335 3615 514 3692 Somnidua,
535 3620 670 3679 omnium
693 3622 802 3694 amica,
820 3628 852 3679 et
867 3620 994 3696 equiria,
1013 3618 1248 3694 noetieiepueen·

334 3703 526 3777 Imperieute,
552 3705 657 3764 eadem
679 3707 844 3779 terrestris,
866 3705 979 3764 coelica
999 3721 1121 3763 rursusi

334 3787 479 3861 Vortens,
498 3789 677 3860 omnimodis
697 3791 767 3849 Dea
787 3789 977 3850 Mostellaria
996 3789 1105 3848 ludens

335 3872 423 3948 Quae
444 3873 542 3932 lucem
564 3875 651 3952 legas
674 3877 731 3934 sub
755 3876 895 3949 Tartara,
914 3893 1020 3935 rursus
1042 3874 1082 3932 ad
1104 3873 1215 3934 Oreum
