3000 4725
695 630 845 723 A

315 798 344 859 Ο
365 797 445 855 male
465 798 620 858 victoreml
640 800 722 873 quod
741 818 798 859 nos
815 800 980 875 adgressus
1000 800 1143 874 inermes,

359 882 449 959 Quod
470 890 522 939 tua
544 902 602 941 non
626 902 697 941 arcu
715 885 849 961 reppulit
868 902 954 941 arma
977 902 1042 942 suo.

315 1052 344 1109 6.
386 1052 425 1109 In
445 1050 573 1108 Palicani
595 1050 771 1110 Catonianae
792 1056 843 1111 dea
862 1052 982 1124 Rocles,
1003 1053 1236 1131 elegantissimae

700 1142 839 1211 poetriae.

315 1218 464 1277 Pulicelle
486 1220 582 1295 niger,
606 1220 718 1297 nigella
739 1222 850 1295 Pulex,

314 1304 469 1361 Incitatior
491 1304 629 1363 haedulis
649 1306 792 1382 petulcis,

314 1388 485 1447 Delicatior
505 1389 640 1448 hinnulis
661 1391 796 1464 tenellis,

315 1474 408 1533 Docti
428 1492 556 1551 passere
577 1476 705 1549 nequior
727 1475 850 1548 Catulli,

314 1558 431 1619 Stellae
452 1558 594 1618 blandior
613 1560 716 1618 albula
733 1561 888 1633 columba3

316 1644 433 1719 Quale
455 1663 620 1720 prosequar
642 1664 734 1703 aurea
756 1646 902 1705 camena?

316 1729 385 1804 Quo
405 1737 435 1787 te
455 1730 577 1787 nomine
593 1731 777 1806 praedicem,
798 1751 816 1789 o
836 1732 924 1789 beate

314 1814 415 1873 Pulex
435 1815 561 1891 pumile,
583 1816 733 1891 pumilille
750 1816 873 1875 Pulex?

313 1903 362 1960 An
384 1900 476 1975 quod,
494 1918 560 1957 cum
583 1900 716 1961 libatos
742 1921 830 1959 meae
850 1900 974 1979 puellae

314 1984 382 2043 Tuo
406 2001 558 2061 purpureo
581 2005 632 2043 ore
654 1987 818 2046 suaviaris:

314 2070 401 2142 Mihi,
422 2088 489 2126 cum
510 2069 594 2142 libet,
618 2090 654 2129 os
676 2090 763 2129 meae
784 2071 905 2148 puellae

315 2155 386 2213 Meo
409 2174 471 2212 non
493 2153 565 2211 licet
587 2175 639 2213 ore
663 2157 819 2217 suaviaril

210 2286 214 2299 .
314 2242 362 2299 An
386 2238 555 2315 quodcum
577 2241 669 2299 subiit
690 2242 750 2299 cibi
770 2242 922 2317 voluptas,

316 2323 390 2382 Non
413 2324 445 2382 in
469 2324 647 2400 quadriviis,
669 2346 765 2402 neque
787 2328 958 2404 angiportis

313 2410 447 2468 Plebeos
468 2411 573 2470 avidus
596 2413 678 2471 cibos
699 2413 818 2489 liguris,

316 2493 378 2556 Sed
395 2495 427 2552 in
449 2494 588 2556 lacteolis
610 2497 710 2556 latens
733 2497 870 2574 papillis,

314 2580 450 2657 Tingens
471 2581 607 2658 virgineo
629 2599 735 2641 cruore
757 2591 901 2654 rostrum,

313 2665 428 2724 Plenus
451 2667 582 2725 nectaris
610 2676 640 2725 et
664 2679 748 2728 satur
769 2667 902 2726 recedis:

315 2752 387 2808 Mox
409 2750 626 2810 circumsiliens
649 2751 740 2811 modo
762 2754 820 2810 huc
839 2753 931 2813 modo
954 2755 1037 2828 illuc,

315 2837 416 2894 Maras
440 2835 576 2909 delicias,
600 2857 701 2898 meros
725 2857 854 2910 amores,

314 2920 411 2979 Ludis
436 2922 537 2981 ebrius
562 2923 594 2980 in
617 2924 685 2982 sinu
709 2923 851 3001 puellae?

314 3010 402 3067 Anne
426 3006 503 3081 quod
526 3007 654 3066 Veneris
679 3009 802 3067 satelles
825 3010 923 3083 audis,
957 3069 960 3075 ,

315 3091 437 3150 Vindex
458 3092 616 3151 falsidicae
637 3093 796 3168 malaeque
820 3093 954 3171 linguae,

315 3174 391 3235 Cum
414 3177 536 3253 periura
558 3178 644 3236 Deos
666 3178 771 3254 puella
792 3177 893 3250 laesit,

314 3263 414 3337 Atque
437 3263 583 3322 ulciscere
607 3263 727 3322 saucios
751 3281 884 3335 amores,

315 3347 401 3405 Feris
424 3348 577 3406 morsibus
598 3356 746 3426 appetens
767 3348 918 3406 lacertos?

314 3431 373 3489 Illa
395 3432 427 3489 in
448 3433 568 3491 insidiis
590 3437 719 3506 morata,
744 3432 804 3491 soli
842 3492 848 3506 ,

314 3516 474 3575 Vindictae
494 3517 642 3592 imminet,
660 3536 696 3576 ac
716 3519 824 3577 favens
847 3516 957 3587 dolori,

315 3599 475 3679 Suspensa
497 3603 658 3662 meditatur
679 3623 780 3682 ungue
801 3610 940 3659 mortem:

314 3687 363 3745 Tu
386 3689 496 3747 cessim
518 3688 611 3763 fugis,
634 3697 664 3746 et
686 3690 765 3766 fugis
788 3687 949 3757 recessim;

314 3774 359 3830 Ac
382 3773 569 3835 subsultibus
592 3774 662 3832 hinc
686 3784 716 3832 et
734 3774 804 3831 hinc
823 3772 923 3831 citatis

314 3857 425 3916 Vibras
448 3857 596 3931 cruscula,
621 3869 650 3918 et
669 3859 826 3936 improbae
845 3857 966 3936 puellae
