3000 4725
657 604 720 665 299

242 772 298 830 sut
317 790 385 830 cum
405 771 444 832 iis
470 772 588 833 d'eleris
609 774 697 851 paria
719 774 822 833 munia
841 774 970 850 exequi?

243 853 291 914 ch.
332 856 422 932 Quod
443 857 623 934 duplicatur,
642 859 741 918 maius
765 867 822 931 est,
844 860 962 933 mulier,
982 861 1103 920 mulum.

242 939 307 999 Teo.
346 943 452 1001 Morbo
472 960 622 1017 caremus,
645 951 675 1003 et
693 944 867 1003 laboramus
885 952 998 1004 tamen.
1054 946 1056 953 “

243 1023 291 1084 Oh.
337 1025 419 1099 Quid
440 1026 538 1087 dicis?
558 1029 634 1087 haec
653 1048 703 1087 me
724 1028 816 1087 dictio
839 1029 967 1089 incertat
988 1031 1096 1109 magis.
1150 1043 1202 1096 270

241 1109 307 1168 Teo.
349 1112 407 1171 Vir
428 1112 482 1170 ille
501 1115 611 1173 morbo
635 1132 702 1171 cum
725 1121 880 1173 teneretur
899 1114 996 1192 gravi,

242 1193 378 1256 Gestibat
397 1198 479 1275 ipse,
500 1216 560 1273 qua
580 1200 784 1275 premebatur,
802 1199 863 1271 lue,

245 1282 382 1359 Augebat
404 1291 435 1341 et
456 1301 515 1341 uos
535 1284 646 1342 mentis
668 1284 765 1360 impos
789 1286 982 1361 compotes[.]

240 1363 404 1441 Postquam
427 1368 553 1441 resedit,
577 1387 613 1427 ao
634 1368 748 1444 recepit
770 1387 804 1427 se
827 1388 845 1426 a
867 1369 965 1429 malo:

239 1448 275 1507 Et
295 1454 395 1513 maior
415 1453 502 1511 illum
522 1453 633 1511 mentis
652 1460 775 1514 exercet
792 1454 886 1513 dolor.
1150 1469 1202 1523 275

239 1533 276 1592 Et
294 1556 354 1595 non
377 1540 480 1597 miuus
502 1557 560 1597 nos
584 1556 665 1595 nunc
685 1538 823 1597 dolemus
846 1540 935 1612 quam
957 1537 1053 1614 prius.

239 1616 307 1678 Non
329 1641 402 1701 ergo
426 1622 538 1700 simpla
559 1623 644 1695 haec,
666 1620 758 1698 dupla
776 1624 822 1682 bis
846 1630 931 1682 tauto
954 1621 1056 1680 malai

242 1700 291 1763 Oh.
334 1707 451 1767 Verum
471 1716 528 1780 est,
550 1707 716 1783 fatemur[:]
740 1726 943 1780 erueremur,
966 1726 1005 1765 ne
1027 1706 1129 1767 Deum

240 1786 375 1851 Incessat
395 1794 443 1851 irs
461 1794 556 1851 hunc:
579 1812 650 1851 uam
673 1793 792 1851 levatur
815 1813 877 1852 non
901 1793 1010 1869 magis,

240 1870 406 1938 Defunctus
428 1878 484 1937 illa
506 1884 606 1954 peste,
627 1897 719 1952 quam
742 1886 905 1954 aegrotans
926 1877 1021 1954 prius.
1151 1890 1203 1945 280

241 1956 307 2022 Tee.
352 1963 438 2041 Ergo
461 1962 597 2028 disertius
618 1962 857 2021 commonendus
881 1981 915 2021 es
937 1962 1021 2020 mihi.

242 2039 291 2101 Ch·
331 2048 424 2106 Enim
448 2048 528 2105 uude
555 2047 658 2123 coepit
682 2047 810 2124 gliscere
830 2047 905 2104 haec
925 2047 1022 2106 moles
1047 2044 1130 2115 muli,

240 2124 300 2187 Nos
322 2133 529 2203 condolentes,
553 2140 583 2189 et
603 2139 702 2190 metus
722 2132 825 2191 socios
848 2131 933 2191 doce.

242 2209 307 2271 Teo.
347 2217 433 2295 Ergo
456 2223 490 2274 ut
510 2215 627 2275 doloris
650 2217 765 2289 socius,
789 2235 910 2275 omnem
931 2235 996 2275 rem
1020 2223 1099 2273 tene.

241 2292 316 2357 Nem
335 2311 430 2362 nocte
451 2300 550 2378 prima
569 2301 701 2359 noudum
722 2302 821 2361 adhuc
841 2302 1022 2364 micantibus
1152 2316 1203 2372 285

241 2383 398 2448 Astrornm
420 2387 539 2460 ocellis,
561 2386 614 2444 ille
636 2407 734 2447 vanos
756 2387 865 2472 ancipe

241 2464 408 2534 Instructus
431 2473 521 2531 hasta
542 2479 641 2529 tentat
659 2474 758 2532 exitus
777 2491 880 2532 ruens.
950 2503 956 2520 =

242 2549 303 2630 Ego
325 2557 452 2635 increpo
475 2556 639 2615 homiuem.
661 2576 732 2614 nam
754 2558 837 2634 quid,
857 2558 992 2634 iuquam,
1012 2553 1129 2632 cogites

241 2638 336 2700 Aiax?
359 2642 442 2718 quod
460 2642 538 2701 istnc
559 2641 649 2700 itiner
668 2642 816 2700 incertum
837 2661 929 2718 paras
1176 2641 1182 2646 ’

240 2717 330 2784 Nullo
354 2734 499 2786 evocatus
524 2726 648 2799 nuncio,
673 2733 724 2784 aut
735 2728 820 2785 ‚tuba
843 2726 976 2797 excitus,
1151 2738 1204 2792 290
1311 2741 1312 2762 ¹

242 2802 313 2867 Cum
334 2812 473 2888 placidus
496 2829 603 2870 omnes
625 2810 737 2868 mulcet
759 2811 791 2872 in
815 2811 923 2868 castris
947 2807 1054 2885 sopor?

241 2886 328 2953 Brevi
349 2897 404 2955 ille
426 2896 507 2956 dicto
529 2896 709 2972 insequitur,
732 2902 764 2952 at
784 2895 938 2973 vulgario:

240 2973 356 3056 Mulier,
379 2981 539 3040 mulierum
559 2999 703 3040 cunamen
724 2987 771 3039 est
794 2980 958 3038 silentium.

241 3056 390 3126 Perculsit
408 3067 559 3126 animum:
584 3066 751 3141 comprimo
774 3083 837 3124 me:
862 3065 914 3122 ille
928 3061 1020 3120 exiit.

241 3141 349 3210 Verum
369 3152 441 3227 quid
462 3151 626 3210 intervenit
647 3150 780 3222 interibi,
804 3151 885 3213 haud
904 3148 980 3208 scio.
1152 3157 1203 3212 295

240 3224 324 3308 Post,
347 3237 548 3296 currifrontes
567 3236 662 3293 intrat
680 3243 834 3294 armentas
857 3251 962 3312 agens,

240 3311 396 3397 Mutasque
412 3321 557 3399 pecudes,
580 3327 670 3395 atque
692 3322 833 3380 custodes
857 3337 958 3378 canes.

242 3393 318 3461 Hinc
339 3407 439 3482 capito
462 3413 590 3478 truncat,
611 3405 682 3464 inde
701 3405 870 3482 resupinet,
891 3410 990 3475 necat,

241 3479 416 3566 Iugulatque
439 3491 598 3565 quaedem.
620 3491 669 3549 his
691 3490 873 3566 compeditis
894 3489 1032 3560 verbere,

243 3563 397 3651 Tanquam
416 3576 475 3643 viri
497 3576 568 3648 sint,
592 3593 651 3633 non
673 3590 795 3652 greges,
817 3593 914 3652 usque
938 3572 1064 3651 oggerit.
1151 3587 1204 3641 3ου

243 3648 324 3717 Time
344 3661 548 3736 nescioquod
570 3659 690 3732 exiens,
711 3666 863 3734 spectrum
887 3667 1033 3736 appetens

243 3734 416 3804 Orationem
437 3745 550 3806 duriter
569 3744 657 3802 dioti's
680 3743 763 3802 dedit

243 3817 276 3880 ln
297 3827 451 3908 Ulyssem,
473 3830 609 3904 Atridas,
631 3847 791 3906 perperam
815 3836 844 3888 et
869 3827 1054 3899 ioculariter,
