3000 4725
747 623 899 718 A

364 789 512 851 Fabullus
532 791 643 868 amplis
663 791 833 852 latifundiis
852 793 978 869 Lycum,

365 875 508 935 Numinis
528 876 688 936 Fabullum
709 876 886 938 foenerator
904 877 1049 950 Bracara,

365 962 406 1020 Et
424 962 514 1034 hunc,
538 961 671 1020 stillum
692 962 874 1038 pisculentis
895 971 1045 1039 provocat

366 1044 490 1124 stagnis
509 1045 638 1106 Alauda
662 1044 816 1119 Quarum
836 1048 933 1108 habes
956 1049 1055 1107 omnis
1078 1049 1163 1125 eupit

365 1130 501 1204 Habere,
523 1131 580 1192 scd
602 1139 635 1190 tu
655 1151 715 1192 uon
738 1133 833 1192 babes
856 1140 1002 1208 quantum
1021 1133 1119 1209 cupis.

366 1301 418 1359 32.
463 1299 561 1377 Caput
580 1301 715 1360 tenebris
738 1311 898 1360 exerentes
918 1301 1035 1374 literas,
1074 1328 1078 1334 ·

366 1383 449 1458 Quas
475 1385 566 1464 longa
588 1386 666 1446 curis
690 1385 802 1444 excolit
822 1387 937 1446 sensim
959 1386 1036 1460 dies,

364 1469 504 1546 Repente
523 1470 606 1530 dirus
628 1471 735 1530 Martis
760 1477 791 1528 et
812 1469 1000 1548 sophistices

364 1555 496 1636 Fugabit
517 1563 628 1616 aestus·
643 1575 705 1614 uon
728 1574 906 1615 reversuras
931 1554 1043 1614 atatim.

366 1640 462 1698 Morbi
479 1639 646 1718 ingruentis
668 1648 715 1700 est
736 1640 856 1698 medela
877 1641 1012 1717 segnior,

365 1721 463 1797 Quam
485 1726 618 1784 morbus.
639 1745 713 1786 aevo
735 1727 845 1784 crescit
866 1725 986 1785 occulto
1004 1743 1132 1785 nemus:

364 1808 494 1883 Puncto,
518 1811 656 1884 sequacis
676 1811 757 1887 iguis
778 1811 883 1869 afflatu
902 1810 991 1887 perit.

363 1893 480 1972 Vigore
498 1894 580 1952 lento
602 1903 705 1954 nostra
727 1903 866 1954 creseunt
886 1913 1032 1972 corpora:

365 1976 474 2039 Statim
495 1979 664 2039 labascunt.
685 1979 790 2038 Tarda
807 1981 952 2040 virtutum
971 1979 1115 2056 augmina

366 2063 433 2124 Cito
455 2064 677 2142 opprimuntur,
703 2084 763 2123 non
783 2066 969 2123 reviviscunt
990 2065 1059 2122 cito.

366 2232 416 2291 33.
461 2230 521 2305 Qui
539 2231 775 2322 x(irasmnratistas
797 2233 905 2310 spiritu
925 2233 1025 2292 difflas
1045 2242 1108 2306 tuo,

249 2392 253 2403 ι
364 2317 405 2377 itt
427 2335 615 2377 summovens
637 2317 774 2378 fascibus
795 2318 918 2397 linguae
936 2318 1020 2379 soles

365 2399 496 2463 criticos
517 2402 645 2463 clientes
665 2403 823 2462 literarum
844 2404 1004 2466 inertium:

365 2484 427 2546 Cur
450 2487 605 2565 diguitatis
627 2488 803 2564 ordinisque
823 2489 980 2567 negligens

365 2571 436 2644 Tui,
456 2572 580 2632 libellos
602 2572 887 2634 Grammatistarum
910 2575 999 2654 legis,

365 2655 502 2733 Sophiae
522 2658 665 2731 medulla,
687 2658 778 2717 docta
797 2658 935 2717 Naturae
957 2659 1074 2731 schola,

365 2738 446 2800 (iulti
466 2742 604 2803 Platonis
627 2744 772 2803 educatus
793 2744 824 2801 in
847 2743 937 2803 sinu?

363 2827 445 2904 Ergo
464 2827 573 2901 libelli,
590 2847 667 2904 quos
690 2830 775 2902 teris,
798 2837 829 2886 te
848 2829 958 2901 iudice,

365 2909 444 2972 Sunt
464 2912 589 2988 aliquid,
612 2932 631 2971 a
649 2922 680 2973 te
701 2933 793 2989 quum
811 2914 961 2991 legantur,
983 2921 1015 2971 et
1035 2911 1136 2988 magia

364 2996 410 3054 Te
433 2999 604 3070 confitente,
627 3017 716 3074 quam
738 2999 869 3070 volente,
891 3006 963 3057 sunt
986 2998 1068 3055 boni.
1130 3046 1132 3051 .

363 3080 510 3141 Doctrina
528 3100 640 3160 magua
659 3092 715 3170 est,
737 3103 815 3159 quae
836 3083 936 3159 placet
954 3081 1141 3142 nolentibus.

364 3247 415 3306 34.
458 3248 743 3329 Philologomastix,
761 3260 792 3309 et
810 3250 956 3328 Sophista
973 3252 1135 3322 barbarus,

364 3330 426 3393 Sed
442 3333 502 3393 iste
526 3334 629 3409 nullis,
648 3337 700 3395 ille
721 3336 829 3413 paucis
847 3335 957 3408 literis,

363 3416 424 3475 Hic
446 3419 582 3479 veritatis
603 3440 686 3494 osor,
708 3422 763 3479 ille
784 3421 875 3498 iurgii

363 3500 519 3580 Captator,
538 3506 571 3563 in
592 3525 647 3565 nos
670 3506 733 3565 tela
753 3506 937 3583 distringunt
956 3523 1023 3577 sua,

362 3588 403 3646 Et
423 3596 531 3648 nostra
549 3590 637 3667 dictis
660 3592 775 3668 scripta
795 3592 973 3667 discerpunt
992 3588 1092 3648 malis.

363 3670 426 3732 Sed
447 3692 501 3733 uos
521 3675 679 3735 lacessunt
696 3676 847 3752 plumbeis
869 3674 1073 3735 mucronibus.

363 3754 518 3834 Sophista,
542 3768 573 3818 ot
593 3760 632 3832 is,
654 3778 743 3835 quem
763 3761 957 3838 praenotavi,
975 3767 1048 3819 sunt
1068 3758 1131 3817 duo

361 3841 436 3901 Pari
456 3842 571 3918 flucre,
591 3844 708 3921 dispari
728 3847 819 3924 genio
842 3864 964 3905 canes..
