3000 4725
669 569 730 627 265

594 773 598 778 ·
650 737 757 795 Aliter.

236 818 331 877 Dulce
352 838 450 879 sonus
469 820 592 893 fidibus,
613 821 659 880 sic
678 822 789 880 dexter
809 821 850 879 sit
870 822 943 901 mihi
961 823 1097 896 Faunus,

275 905 466 981 Zenophile‚
488 914 595 983 arguto
616 906 734 981 pectine
758 906 845 963 dulce
866 924 970 966 sonos.

236 987 304 1047 Heu
323 1008 387 1064 quo
410 998 441 1048 le
463 990 598 1067 fugium?
619 992 805 1050 circunstunt
825 991 955 1065 undique
976 994 1118 1065 Amores,

272 1074 313 1131 Et
334 1074 514 1152 respirandi
536 1076 624 1153 copia
645 1076 730 1134 nulla
748 1076 844 1134 detur.

234 1155 312 1215 Hinc
324 1159 441 1232 formu,
450 1159 520 1217 hinc
532 1168 650 1233 cantus,
658 1170 726 1220 tuus
740 1161 810 1218 hinc
823 1158 897 1217 mihi
908 1177 941 1218 se
954 1159 1043 1237 lepor
1057 1161 1155 1221 offert.

243 1234 247 1241 ’
272 1242 358 1303 Hinc
381 1245 502 1320 (verum
526 1254 635 1303 cuncta
656 1246 732 1303 haec
753 1244 826 1320 quid
841 1243 979 1321 morori)
998 1265 1068 1305 uror
1090 1266 1155 1324 ego.

547 1408 597 1494 Νὴ
620 1411 671 1473 τὸν
686 1406 824 1494 Ἔρωτα.
1078 1414 1153 1491 ζ(“2)

233 1493 420 1573 Dispeream
438 1499 621 1571 Heliodoro,
643 1506 714 1557 tuos
735 1498 768 1556 ni
790 1498 894 1557 audire
913 1518 1054 1559 susurros

274 1582 399 1657 Malim,
420 1604 510 1659 quem
532 1584 667 1641 citharae
684 1602 807 1641 carmen
828 1583 1020 1661 Apollineae.

493 1746 556 1825 Τίς,
577 1749 668 1831 ῥόδον
694 1749 710 1811 ὁ
735 1746 895 1831 στέφανος.
1080 1756 1154 1837 ((3)

234 1831 388 1895 Bocchine
410 1838 480 1914 ipsu
502 1856 611 1896 corono
632 1856 705 1895 rosa
726 1843 784 1909 est,
808 1836 866 1908 dic,
886 1858 964 1896 aune
988 1858 1113 1900 coronae

272 1920 347 1997 Ipse
368 1942 447 1982 rose
467 1922 536 1982 est?
559 1923 661 1981 Minor
683 1930 731 1981 est
751 1922 821 1996 ipsu
845 1940 963 1997 corona,
987 1934 1068 2001 puto.

476 2084 515 2151 Ὁ
541 2086 690 2169 στέφανος
712 2089 782 2169 περὶ
805 2090 901 2171 κρατὶ,
1079 2096 1153 2174 ζμ)
1247 2098 1251 2108 ’

234 2170 431 2235 Marcescunt
453 2185 554 2235 sertae
574 2176 655 2234 circu
677 2184 768 2252 caput
789 2176 988 2252 Heliodorum,

274 2259 332 2319 Ilst
353 2269 472 2321 sertum
494 2260 570 2320 serti
588 2261 643 2319 sed
664 2269 766 2319 tamen
790 2262 860 2338 ipsu
880 2264 936 2323 sui.

479 2425 560 2509 Ἤδη
583 2428 692 2490 λευκὸν
716 2426 761 2489 ἴον
788 2427 910 2492 θάλλει.
1079 2438 1152 2516 ζῶ)

236 2509 298 2570 lam
320 2516 433 2574 florent
454 2516 563 2587 violae,
585 2523 676 2590 atque
694 2515 786 2573 imbri
807 2518 963 2577 narcissus
984 2523 1114 2582 amicus:

276 2597 426 2677 Quaeque
450 2600 521 2659 ultis
541 2600 674 2677 gaudent
694 2599 761 2680 lilia
780 2619 857 2658 cana
877 2603 966 2679 iugis.

237 2678 274 2739 Et
292 2678 489 2763 tempestivis
514 2686 574 2742 iam
597 2685 706 2743 florum
720 2685 873 2746 ¹flosculus
893 2688 994 2760 annis,

278 2767 459 2846 Zenophile‚
478 2769 598 2830 suadae
620 2770 710 2828 floret
730 2788 862 2827 amoene
883 2789 961 2829 rose.

238 2845 330 2911 Prata
348 2855 422 2930 quid
444 2876 461 2912 o
480 2875 561 2914 rano
584 2856 692 2912 florum
716 2854 854 2930 gaudetis
878 2855 1015 2915 honore?

277 2935 410 3000 Suuvior
431 2949 461 2998 et
482 2941 560 3017 ipsis
584 2948 691 2998 sancte
710 2938 816 3016 puelle
837 2941 928 2999 rosis.

638 3024 742 3082 Aliter.

239 3100 301 3162 lum
324 3127 422 3169 cunae
443 3110 553 3169 florent
574 3109 686 3182 violae,
706 3109 896 3186 pluviaeque
913 3109 1015 3168 sititor

277 3189 463 3254 Narcissus:
485 3196 592 3252 florent
612 3194 678 3252 lilia
698 3213 809 3270 sparse
829 3194 919 3270 iugis.

238 3270 276 3331 Et
293 3295 408 3338 uernae
426 3281 537 3338 dorum
550 3279 615 3338 ‚flos
635 3279 874 3338 iucundissimus
896 3280 1000 3352 horne,

281 3361 460 3441 Zenophile‚
481 3363 603 3424 Suadeo
625 3365 714 3423 floret
736 3363 834 3422 amica
856 3383 938 3424 roser

241 3437 341 3522 Prata,
363 3449 444 3524 quid,
468 3451 507 3507 uh
528 3451 643 3508 frustra
660 3450 769 3509 florum
790 3448 895 3507 ridetis
915 3449 1048 3510 honore?

281 3529 388 3593 Grotio
412 3543 460 3594 est
481 3537 565 3595 omni
584 3534 655 3592 flore
675 3533 780 3609 puelle
797 3551 875 3592 mea.

480 3699 590 3769 Πλέξω
613 3702 765 3779 λευκὸϊον,
786 3703 899 3772 πλέξω.
1034 3709 1036 3722 “
1076 3701 1151 3787 effi)

245 3775 425 3848 conuectum
448 3790 558 3861 violes,
581 3800 760 3850 connectam
781 3794 887 3852 mollia
904 3784 1019 3870 myrta,
