3000 4725
627 626 688 686 287

248 792 454 871 Xanthippae,
476 803 516 868 et,
536 796 589 870 qui
609 796 670 853 iam
692 812 792 855 novus
814 795 894 872 ignis
917 794 984 869 init,

214 876 353 951 Oanime,
358 889 451 939 urent
460 888 499 939 te.
510 880 609 954 Unde,
615 888 667 939 aut
678 880 808 955 quaudo,
821 898 916 954 quove
928 880 1032 954 modo,
1041 880 1118 939 illud

247 962 377 1035 Nesci03
401 973 485 1038 tuuc,
508 983 577 1023 cum
596 965 678 1043 ignis
693 973 724 1023 te
742 972 852 1039 coquet
871 964 934 1039 ille,
955 966 1044 1026 scies.

215 1130 324 1207 ((101)
473 1125 517 1191 Ὦ
540 1131 648 1206 ποδὸς,
667 1129 693 1193 ὦ
715 1129 843 1213 κνήμης.

213 1215 318 1290 Opes,
341 1236 361 1274 o
384 1234 467 1289 crus,
489 1225 530 1290 et,
553 1218 631 1293 quod
652 1237 701 1276 me
723 1217 803 1275 male
826 1216 958 1294 perdidit
971 1217 1054 1289 olim,

250 1300 276 1359 Ο
298 1301 412 1373 femur,
431 1322 449 1359 ο
470 1303 564 1376 natis,
587 1304 605 1362 'o
627 1311 746 1378 pecten,
772 1323 789 1362 o
811 1302 852 1361 ile
875 1302 1004 1377 duplex:

212 1384 235 1443 0
255 1384 382 1458 humeri,
407 1388 606 1460 o‘mammae,
626 1407 644 1445 o
666 1387 770 1445 cervix
788 1406 927 1467 procera,
951 1404 1118 1461 manusque

248 1469 273 1529 Ο
296 1470 447 1546 duplices,
466 1492 484 1529 o
505 1490 583 1547 quae
598 1472 721 1548 ‘lumina
738 1491 788 1530 me
808 1472 934 1530 furiant:

214 1553 236 1612 0
253 1554 394 1613 fraudum
416 1556 549 1616 artifices
568 1564 680 1629 motus,
702 1576 720 1615 0
741 1557 846 1633 lingua
866 1564 1044 1631 retorquens

248 1640 424 1712 Anfractus,
447 1662 466 1699 o
489 1661 538 1700 me
559 1641 667 1701 vocula
687 1641 864 1701 debilitans!

214 1721 325 1796 Quodsi
332 1726 426 1800 opica
432 1734 489 1799 est,
501 1728 528 1786 si
534 1728 631 1804 nigra,
637 1727 718 1785 canit
725 1721 1120 1801 nequecarmiuaSapphus3

249 1806 325 1880 Quid
349 1812 440 1869 tum?
461 1812 567 1869 Indum
587 1812 722 1872 Perseus
744 1812 820 1869 arsit
842 1819 872 1869 ct
885 1807 1119 1869 Andromedam.

215 1972 321 2054 (002)
465 1972 507 2037 ‘H
526 1977 644 2060 κομψὴ,
669 1973 772 2057 μεῖνόν
796 1996 844 2053 με.

214 2054 293 2117 Bella
313 2082 407 2121 mane
427 2083 487 2136 me,
506 2065 595 2125 bella.
610 2064 695 2139 quod
717 2062 840 2122 esttibi
860 2063 988 2120 nomen?
1010 2062 1062 2119 ubi
1080 2060 1122 2119 mi

253 2143 421 2207 Condicio?
442 2148 601 2222 quodvis,
623 2150 679 2207 hoc
701 2148 791 2207 dabo.
815 2166 878 2206 non
899 2146 1055 2221 loqueris?

215 2223 266 2285 Dic
273 2233 324 2290 ubi
333 2234 398 2293 eris
405 2234 419 2291 l
427 2233 582 2291 mittamus
591 2234 723 2307 aliquem
732 2234 809 2291 tibi?
819 2232 959 2307 numquis
970 2232 1061 2291 habet
1070 2231 1123 2289 te?

250 2314 328 2394 Ergo
352 2319 434 2377 vale.
454 2337 510 2376 uec
526 2319 605 2378 'mihi
626 2319 713 2392 dicis,
732 2318 849 2394 iniqua,
874 2318 971 2378 Vale?

217 2399 267 2457 Ast
283 2402 394 2464 iterum
410 2413 501 2480 atque
522 2406 631 2463 iterum
647 2405 789 2462 accedam
808 2403 874 2462 tibi.
895 2401 995 2481 Saepe
1016 2403 1123 2482 subegi

253 2485 334 2560 Quas
354 2510 414 2548 nec
436 2490 546 2548 duritia
567 2490 676 2548 viceris
699 2491 777 2566 ipsa.
803 2489 890 2548 Vale.

219 2649 328 2735 (026)
477 2653 595 2736 Πέμπω
618 2655 667 2716 σοὶ
681 2651 879 2718 Ῥοὸόκλεια.

220 2733 354 2804 Floribus
378 2743 550 2820 omnigenis
572 2742 692 2819 plexas,
715 2741 934 2818 R[h]odoclea,
957 2741 1100 2812 corollas,

255 2825 338 2900 Quas
360 2829 452 2887 etiam
473 2830 539 2904 ipse
559 2847 629 2885 meo
648 2827 762 2904 pollice
785 2826 938 2896 subsecui,

218 2903 296 2968 Mitto
312 2914 379 2973 tibi.
402 2912 481 2974 Sunt
502 2914 552 2970 hio
572 2931 741 2990 anemonae
763 2912 828 2969 lilia
848 2911 961 2983 iuncta,

253 2993 381 3057 Etcum
402 2999 552 3069 narcisso,
575 3017 644 3055 cum
663 2997 809 3072 violisque
830 3015 930 3054 rosae.

219 3070 271 3136 His
289 3081 397 3144 induta
417 3091 505 3159 caput
526 3083 624 3142 fastus
649 3081 771 3141 dedisce
794 3081 949 3156 superbos.

255 3162 293 3222 Et
313 3176 346 3226 tu
365 3170 547 3240 marcesces,
568 3176 657 3242 atque
680 3186 796 3227 corona
817 3175 877 3224 tua.

222 3323 331 3412 ((133)
422 3332 572 3418 Ὑψοῦται
592 3329 731 3414 Ῥοδόπη
753 3338 798 3416 τῷ
820 3332 936 3394 κάλλει.

221 3407 388 3480 Muneribus
409 3424 526 3482 formae
545 3422 694 3498 Rhodope
711 3430 824 3479 tumet:
851 3420 920 3476 huic
943 3438 999 3496 ego
1019 3418 1102 3477 salve

258 3498 342 3579 Dixi,
366 3525 433 3566 oum
456 3508 537 3566 fastu
559 3527 608 3564 me
628 3507 776 3565 resalutat
800 3525 844 3564 ea.

243 3579 368 3651 loriferis
393 3593 513 3667 quotics
535 3592 651 3650 intendi
671 3591 788 3648 lumina
805 3587 906 3661 sertis,

260 3667 373 3749 Calcat,
396 3678 560 3736 inhumano
582 3677 814 3753 prosubigitque
836 3675 922 3751 pede.

224 3747 248 3807 0
267 3774 369 3837 rugae,
393 3783 410 3822 o
434 3764 562 3834 senium,
586 3762 673 3820 citius
694 3767 866 3838 properate,
890 3759 1006 3829 venite;

260 3837 298 3899 Et
316 3846 404 3907 vobis
430 3847 600 3926 Rhodopen
621 3848 742 3906 flectere
762 3865 857 3924 posse
880 3845 982 3904 datum
1005 3851 1060 3902 est.
1136 3877 1139 3884 .
