3000 4725
764 605 804 665 26

370 743 607 831 Iudicio-tamen
632 781 680 831 est
701 776 842 833 concolor
861 774 915 832 illo
935 775 999 832 tibi.

398 942 448 1000 22.
492 944 531 999 Iu
554 943 666 1001 Tarum
688 946 822 1020 operibor
846 946 941 1001 triduo
954 952 1175 1018 ammalarii..

690 1040 733 1088 Ex
753 1048 876 1103 tempore.

328 1104 563 1183 Quadrupedem
586 1108 655 1165 dum
681 1129 792 1187 magna
814 1128 938 1185 operum
960 1109 991 1167 vi
1008 1108 1168 1185 cingimus,
1188 1108 1250 1166 illa

371 1189 527 1251 Secretum
550 1194 649 1252 caecis
673 1195 802 1254 callibus
824 1195 886 1272 egit
905 1194 971 1251 iter.

327 1275 433 1334 Tertia
458 1276 514 1334 lux
537 1278 646 1355 agitur,
669 1288 833 1356 postquam
856 1278 1009 1337 molimine
1031 1286 1114 1337 tauto

369 1361 526 1438 Inceptum
548 1363 661 1422 frustra
680 1365 851 1422 ludificatur
871 1382 956 1439 opus.

328 1444 375 1505 Sit
397 1448 482 1505 vobis
505 1466 544 1505 ex
567 1449 667 1521 hoste,
691 1450 759 1521 viri,
784 1449 907 1507 victoria
929 1456 1027 1525 capto,

322 1580 326 1585 .
369 1532 451 1589 Dum
473 1532 513 1590 sit
534 1534 562 1591 ei
586 1554 602 1591 e
622 1535 715 1593 lassis
739 1533 835 1611 gloria
856 1541 943 1609 parta
964 1534 1047 1591 viris.

411 1702 461 1759 23.
503 1705 543 1760 Ia
566 1704 727 1762 Atalantae
748 1713 776 1761 et
795 1704 991 1780 Hippomenis
1008 1700 1154 1775 sabulum.

325 1786 478 1844 Incertum
501 1788 549 1844 cui
572 1786 621 1845 det
642 1791 780 1847 meritam
800 1788 938 1845 Victoria
958 1786 1101 1861 palmam,

369 1870 451 1945 Quos
474 1873 574 1931 studio
596 1876 707 1933 cursim
730 1892 816 1932 mens
840 1872 921 1949 rapit
941 1890 1003 1928 una
1023 1870 1100 1947 pari.

327 1957 477 2016 Omnibus
500 1977 578 2017 unus
600 1978 693 2031 amor,
720 1960 854 2017 sednon
877 1958 966 2015 labor
986 1957 1126 2013 omnibus
1149 1954 1244 2015 idem.

368 2041 428 2100 Hic
450 2042 562 2117 praeit3
582 2044 631 2100 hio
651 2044 797 2118 sequitur,
821 2049 851 2099 et
874 2042 957 2117 cupit
979 2059 1048 2099 esse
1067 2039 1161 2119 prior.

327 2125 354 2184 Ο
372 2126 457 2202 virgo
478 2126 596 2199 infelix,
620 2148 710 2203 quam
735 2148 794 2185 non
816 2127 916 2184 vicere
936 2133 979 2182 tot
999 2128 1099 2187 unaml

367 2211 493 2283 Infelix,
518 2230 608 2286 quam
631 2214 714 2271 fraus
737 2211 843 2286 vicerit
865 2230 926 2268 una
946 2210 1016 2269 viril

320 2293 362 2358 ,Si
382 2295 413 2354 vi
435 2297 570 2353 certatim
593 2306 623 2355 te
640 2317 703 2355 non
725 2298 825 2355 vicere
845 2304 891 2354 tot
911 2314 1018 2366 unam;

369 2380 428 2454 Qui
449 2383 547 2459 potuit
569 2383 635 2440 sine
659 2384 689 2441 vi
712 2384 843 2454 vincere,
867 2381 967 2458 qualis
992 2380 1078 2438 erati

596 2552 647 2609 24.
692 2551 785 2609 Paulo
806 2570 825 2608 a
847 2547 970 2608 Gabra.

325 2637 408 2714 Ergo
432 2635 496 2694 suis
515 2635 631 2695 Paulus
651 2636 745 2694 voluit
764 2655 812 2693 me
832 2636 932 2693 vivere
953 2635 1077 2705 charde,

370 2719 496 2795 Quoque
519 2720 593 2777 mihi
617 2722 699 2779 fama
723 2730 771 2779 est
791 2721 934 2792 carmine,
957 2720 1020 2777 vita
1041 2719 1112 2776 data
1134 2724 1201 2782 est?

326 2806 456 2865 Debitor
480 2806 549 2862 huie
570 2825 627 2882 ego
651 2825 728 2864 sum.
746 2805 837 2864 Pauli
859 2825 925 2864 sum
947 2823 1063 2882 pauper
1083 2804 1114 2861 in
1138 2827 1217 2866 aere.

369 2890 448 2964 Quid
470 2891 604 2949 faciam?
624 2901 726 2968 gratas
749 2893 838 2950 Musa
859 2889 992 2967 repende
1013 2889 1104 2948 vices.

325 2977 395 3049 Illa,
413 2976 493 3050 Quid
515 2976 554 3033 ad
575 2985 694 3035 veteres
716 2998 733 3036 o
755 2977 845 3035 stulte
865 2974 1029 3033 revolveris
1052 2983 1143 3049 artes,

367 3067 467 3136 Atque
487 3061 558 3133 tuis,
582 3062 689 3136 inquit,
710 3062 825 3119 viribus
847 3061 947 3136 impar
969 3059 1070 3118 onus?

326 3145 425 3220 Quum
443 3146 498 3204 tibi
517 3154 678 3204 vernarent
698 3146 847 3222 Zephyris
870 3144 1055 3220 spirantibus
1077 3165 1179 3218 aurae,

367 3229 408 3287 Et
430 3230 505 3288 felix
529 3231 660 3311 habilem
683 3226 761 3288 vena
782 3233 894 3309 rigaret
916 3231 1049 3300 humum,

325 3314 424 3374 Poma
442 3315 530 3372 ferax
554 3317 631 3374 seris
654 3314 792 3373 miranda
813 3314 975 3392 nepotibus
999 3313 1087 3374 arbos

367 3399 434 3458 Nec
458 3400 564 3473 semel,
591 3409 643 3458 aut
664 3421 723 3459 uno
746 3401 856 3476 pollice
882 3406 988 3475 carpta
1009 3398 1113 3458 dabas.

325 3483 416 3543 Nunc
434 3485 548 3543 ramale
569 3495 668 3558 vetus,
690 3486 763 3560 quid
781 3492 903 3562 praeter
927 3483 1064 3542 muscida
1082 3484 1197 3561 possis,

368 3573 430 3629 Aut
452 3571 624 3627 damnanda
645 3571 721 3629 focis
744 3571 829 3628 arida
851 3570 935 3648 ligna
956 3569 1048 3628 darei

328 3654 471 3715 Carmine
490 3676 552 3713 non
575 3655 720 3714 moriente
744 3675 841 3714 senex
863 3654 914 3730 qui
936 3654 1013 3712 fovit
1033 3654 1159 3724 amicos,

369 3742 465 3818 Inque
486 3741 551 3800 suis
574 3740 671 3799 voluit
693 3759 803 3799 nomen
824 3742 937 3798 habere
959 3739 1057 3812 libris,

326 3827 469 3886 Victurus
491 3826 615 3884 memori
635 3825 734 3900 potuit
757 3845 835 3902 quos
860 3824 979 3884 tradere
1004 3824 1114 3890 saeclo,

336 4045 348 4083 b
