<?xml version="1.0" encoding="UTF-8"?>
<!DOCTYPE html PUBLIC "-//W3C//DTD XHTML 1.0 Transitional//EN"
    "http://www.w3.org/TR/xhtml1/DTD/xhtml1-transitional.dtd">
<html xmlns="http://www.w3.org/1999/xhtml" xml:lang="en" lang="en">
 <head>
  <title>
</title>
<meta http-equiv="Content-Type" content="text/html;charset=utf-8" />
  <meta name='ocr-system' content='tesseract 3.04.00' />
  <meta name='ocr-capabilities' content='ocr_page ocr_carea ocr_par ocr_line ocrx_word'/>
</head>
<body>
  <div class='ocr_page' id='page_1' title='image "./iosephiscaliger00scalgoog_0100.png"; bbox 0 0 3000 4725; ppageno 0'>
   <div class='ocr_carea' id='block_1_1' title="bbox 779 574 854 692">
    <p class='ocr_par' dir='ltr' id='par_1_1' title="bbox 779 574 854 692">
     <span class='ocr_line' id='line_1_1' title="bbox 779 574 854 692; baseline 0 0"><span class='ocrx_word' id='word_1_1' title='bbox 779 574 854 692; x_wconf 37' lang='lat'><strong>1⁰0⁹</strong></span> 
     </span>
    </p>
   </div>
   <div class='ocr_carea' id='block_1_2' title="bbox 348 798 1241 3933">
    <p class='ocr_par' dir='ltr' id='par_1_2' title="bbox 350 798 1241 1302">
     <span class='ocr_line' id='line_1_2' title="bbox 352 798 1097 879; baseline -0.004 -17"><span class='ocrx_word' id='word_1_2' title='bbox 352 799 468 863; x_wconf 72' lang='lat' dir='ltr'><strong>saneta</strong></span> <span class='ocrx_word' id='word_1_3' title='bbox 489 798 650 859; x_wconf 70' lang='lat' dir='ltr'><strong>vetustatis</strong></span> <span class='ocrx_word' id='word_1_4' title='bbox 671 802 785 879; x_wconf 89' lang='lat' dir='ltr'><strong>populo</strong></span> <span class='ocrx_word' id='word_1_5' title='bbox 802 799 950 860; x_wconf 73' lang='lat' dir='ltr'><strong>miracula</strong></span> <span class='ocrx_word' id='word_1_6' title='bbox 966 802 1097 878; x_wconf 70' lang='lat' dir='ltr'><strong>pandas,</strong></span> 
     </span>
     <span class='ocr_line' id='line_1_3' title="bbox 353 883 1241 963; baseline -0.002 -18"><span class='ocrx_word' id='word_1_7' title='bbox 353 886 441 963; x_wconf 81' lang='lat' dir='ltr'>Quae</span> <span class='ocrx_word' id='word_1_8' title='bbox 463 883 598 945; x_wconf 87' lang='lat' dir='ltr'><strong>nondum</strong></span> <span class='ocrx_word' id='word_1_9' title='bbox 621 902 770 961; x_wconf 85' lang='lat' dir='ltr'><strong>praeseus</strong></span> <span class='ocrx_word' id='word_1_10' title='bbox 793 887 823 944; x_wconf 90' lang='lat' dir='ltr'><strong>in</strong></span> <span class='ocrx_word' id='word_1_11' title='bbox 847 895 984 962; x_wconf 75' lang='lat' dir='ltr'><strong>apertum</strong></span> <span class='ocrx_word' id='word_1_12' title='bbox 1003 887 1133 963; x_wconf 86' lang='lat' dir='ltr'><strong>protulit</strong></span> <span class='ocrx_word' id='word_1_13' title='bbox 1150 895 1241 946; x_wconf 79' lang='lat' dir='ltr'><strong>netes.</strong></span> 
     </span>
     <span class='ocr_line' id='line_1_4' title="bbox 351 969 1184 1047; baseline -0.001 -16"><span class='ocrx_word' id='word_1_14' title='bbox 351 971 422 1031; x_wconf 88' lang='lat' dir='ltr'><strong>Nou</strong></span> <span class='ocrx_word' id='word_1_15' title='bbox 442 978 473 1028; x_wconf 80' lang='lat' dir='ltr'><strong>te</strong></span> <span class='ocrx_word' id='word_1_16' title='bbox 494 969 652 1047; x_wconf 76' lang='lat' dir='ltr'><strong>praeteriit</strong></span> <span class='ocrx_word' id='word_1_17' title='bbox 675 989 755 1046; x_wconf 79' lang='lat' dir='ltr'>quae</span> <span class='ocrx_word' id='word_1_18' title='bbox 779 971 883 1029; x_wconf 87' lang='lat' dir='ltr'><strong>munis</strong></span> <span class='ocrx_word' id='word_1_19' title='bbox 903 969 1049 1030; x_wconf 77' lang='lat' dir='ltr'>Consulis</span> <span class='ocrx_word' id='word_1_20' title='bbox 1070 980 1184 1044; x_wconf 84' lang='lat' dir='ltr'><strong>essent,</strong></span> 
     </span>
     <span class='ocr_line' id='line_1_5' title="bbox 351 1054 1122 1131; baseline 0.001 -15"><span class='ocrx_word' id='word_1_21' title='bbox 351 1055 422 1116; x_wconf 86' lang='lat' dir='ltr'><strong>Non</strong></span> <span class='ocrx_word' id='word_1_22' title='bbox 443 1073 510 1113; x_wconf 86' lang='lat' dir='ltr'><strong>enm</strong></span> <span class='ocrx_word' id='word_1_23' title='bbox 533 1054 658 1131; x_wconf 76' lang='lat' dir='ltr'><strong>Tarpeii</strong></span> <span class='ocrx_word' id='word_1_24' title='bbox 680 1056 826 1115; x_wconf 75' lang='lat' dir='ltr'><strong>deductus</strong></span> <span class='ocrx_word' id='word_1_25' title='bbox 847 1056 886 1113; x_wconf 80' lang='lat' dir='ltr'><strong>sd</strong></span> <span class='ocrx_word' id='word_1_26' title='bbox 908 1056 989 1113; x_wconf 80' lang='lat' dir='ltr'><strong>editu</strong></span> <span class='ocrx_word' id='word_1_27' title='bbox 1003 1057 1122 1117; x_wconf 52' lang='lat' dir='ltr'><strong>*mentis</strong></span> 
     </span>
     <span class='ocr_line' id='line_1_6' title="bbox 350 1139 1116 1218; baseline -0.003 -18"><span class='ocrx_word' id='word_1_28' title='bbox 350 1141 484 1212; x_wconf 85' lang='lat' dir='ltr'><strong>Limine,</strong></span> <span class='ocrx_word' id='word_1_29' title='bbox 508 1140 657 1199; x_wconf 85' lang='lat' dir='ltr'><strong>bis-senis</strong></span> <span class='ocrx_word' id='word_1_30' title='bbox 680 1141 815 1218; x_wconf 73' lang='lat' dir='ltr'><strong>sper-iret</strong></span> <span class='ocrx_word' id='word_1_31' title='bbox 835 1139 971 1200; x_wconf 72' lang='lat' dir='ltr'><strong>fascibus</strong></span> <span class='ocrx_word' id='word_1_32' title='bbox 993 1158 1116 1215; x_wconf 83' lang='lat' dir='ltr'>sunum,</span> 
     </span>
     <span class='ocr_line' id='line_1_7' title="bbox 356 1224 1065 1302; baseline -0.004 -16"><span class='ocrx_word' id='word_1_33' title='bbox 356 1225 494 1287; x_wconf 80' lang='lat' dir='ltr'><strong>Osndids</strong></span> <span class='ocrx_word' id='word_1_34' title='bbox 516 1224 654 1283; x_wconf 82' lang='lat' dir='ltr'><strong>delibans</strong></span> <span class='ocrx_word' id='word_1_35' title='bbox 676 1226 830 1302; x_wconf 75' lang='lat' dir='ltr'><strong>conceptis</strong></span> <span class='ocrx_word' id='word_1_36' title='bbox 854 1226 958 1284; x_wconf 79' lang='lat' dir='ltr'><strong>omine</strong></span> <span class='ocrx_word' id='word_1_37' title='bbox 977 1226 1065 1285; x_wconf 82' lang='lat' dir='ltr'><strong>votis.</strong></span> 
     </span>
    </p>

    <p class='ocr_par' dir='ltr' id='par_1_3' title="bbox 350 1309 1185 1471">
     <span class='ocr_line' id='line_1_8' title="bbox 350 1309 1185 1387; baseline 0 -17"><span class='ocrx_word' id='word_1_38' title='bbox 350 1309 419 1371; x_wconf 83' lang='lat' dir='ltr'><strong>Nee</strong></span> <span class='ocrx_word' id='word_1_39' title='bbox 439 1326 506 1368; x_wconf 83' lang='lat' dir='ltr'><strong>eum</strong></span> <span class='ocrx_word' id='word_1_40' title='bbox 528 1309 616 1387; x_wconf 83' lang='lat' dir='ltr'><strong>signs</strong></span> <span class='ocrx_word' id='word_1_41' title='bbox 638 1328 781 1387; x_wconf 85' lang='lat' dir='ltr'><strong>premens</strong></span> <span class='ocrx_word' id='word_1_42' title='bbox 805 1310 908 1369; x_wconf 79' lang='lat' dir='ltr'>eboris</span> <span class='ocrx_word' id='word_1_43' title='bbox 931 1310 1050 1368; x_wconf 79' lang='lat' dir='ltr'><strong>enelete</strong></span> <span class='ocrx_word' id='word_1_44' title='bbox 1071 1310 1185 1370; x_wconf 84' lang='lat' dir='ltr'><strong>eurulis</strong></span> 
     </span>
     <span class='ocr_line' id='line_1_9' title="bbox 353 1392 1045 1471; baseline -0.006 -14"><span class='ocrx_word' id='word_1_45' title='bbox 353 1394 484 1457; x_wconf 81' lang='lat' dir='ltr'><strong>Sedatos</strong></span> <span class='ocrx_word' id='word_1_46' title='bbox 506 1400 626 1471; x_wconf 81' lang='lat' dir='ltr'><strong>regeret</strong></span> <span class='ocrx_word' id='word_1_47' title='bbox 647 1395 790 1471; x_wconf 83' lang='lat' dir='ltr'><strong>ponendo</strong></span> <span class='ocrx_word' id='word_1_48' title='bbox 810 1396 877 1453; x_wconf 83' lang='lat' dir='ltr'><strong>iura</strong></span> <span class='ocrx_word' id='word_1_49' title='bbox 901 1392 1045 1467; x_wconf 79' lang='lat' dir='ltr'><strong>Quirites.</strong></span> 
     </span>
    </p>

    <p class='ocr_par' dir='ltr' id='par_1_4' title="bbox 351 1478 1022 1557">
     <span class='ocr_line' id='line_1_10' title="bbox 351 1478 1022 1557; baseline -0.003 -18"><span class='ocrx_word' id='word_1_50' title='bbox 351 1479 423 1539; x_wconf 88' lang='lat' dir='ltr'><strong>Non</strong></span> <span class='ocrx_word' id='word_1_51' title='bbox 442 1479 550 1557; x_wconf 75' lang='lat' dir='ltr'><strong>ignote</strong></span> <span class='ocrx_word' id='word_1_52' title='bbox 566 1478 622 1537; x_wconf 86' lang='lat' dir='ltr'><strong>tibi</strong></span> <span class='ocrx_word' id='word_1_53' title='bbox 640 1478 724 1537; x_wconf 88' lang='lat' dir='ltr'><strong>dubii</strong></span> <span class='ocrx_word' id='word_1_54' title='bbox 744 1480 892 1557; x_wconf 75' lang='lat' dir='ltr'><strong>suffragia</strong></span> <span class='ocrx_word' id='word_1_55' title='bbox 913 1480 1022 1556; x_wconf 72' lang='lat' dir='ltr'><strong>campi,</strong></span> 
     </span>
    </p>

    <p class='ocr_par' dir='ltr' id='par_1_5' title="bbox 351 1560 1161 2064">
     <span class='ocr_line' id='line_1_11' title="bbox 352 1560 1161 1637; baseline -0.002 -12"><span class='ocrx_word' id='word_1_56' title='bbox 352 1560 425 1625; x_wconf 85' lang='lat' dir='ltr'><strong>Non</strong></span> <span class='ocrx_word' id='word_1_57' title='bbox 447 1564 553 1637; x_wconf 79' lang='lat' dir='ltr'><strong>sistes,</strong></span> <span class='ocrx_word' id='word_1_58' title='bbox 575 1582 634 1621; x_wconf 91' lang='lat' dir='ltr'><strong>non</strong></span> <span class='ocrx_word' id='word_1_59' title='bbox 659 1580 728 1622; x_wconf 86' lang='lat' dir='ltr'><strong>sors</strong></span> <span class='ocrx_word' id='word_1_60' title='bbox 748 1564 866 1623; x_wconf 75' lang='lat' dir='ltr'><strong>ineerta</strong></span> <span class='ocrx_word' id='word_1_61' title='bbox 886 1564 1032 1623; x_wconf 83' lang='lat' dir='ltr'><strong>volubilis</strong></span> <span class='ocrx_word' id='word_1_62' title='bbox 1051 1582 1161 1623; x_wconf 77' lang='lat' dir='ltr'><strong>urneez</strong></span> 
     </span>
     <span class='ocr_line' id='line_1_12' title="bbox 352 1648 1044 1726; baseline -0.004 -17"><span class='ocrx_word' id='word_1_63' title='bbox 352 1648 423 1709; x_wconf 86' lang='lat' dir='ltr'><strong>Non</strong></span> <span class='ocrx_word' id='word_1_64' title='bbox 444 1648 543 1708; x_wconf 83' lang='lat' dir='ltr'><strong>ineisa</strong></span> <span class='ocrx_word' id='word_1_65' title='bbox 564 1648 629 1708; x_wconf 87' lang='lat' dir='ltr'><strong>suis</strong></span> <span class='ocrx_word' id='word_1_66' title='bbox 650 1648 753 1726; x_wconf 83' lang='lat' dir='ltr'>legum</span> <span class='ocrx_word' id='word_1_67' title='bbox 773 1648 925 1707; x_wconf 75' lang='lat' dir='ltr'><strong>tabularia</strong></span> <span class='ocrx_word' id='word_1_68' title='bbox 946 1650 1044 1708; x_wconf 82' lang='lat' dir='ltr'><strong>sexis.</strong></span> 
     </span>
     <span class='ocr_line' id='line_1_13' title="bbox 351 1733 1090 1811; baseline -0.005 -16"><span class='ocrx_word' id='word_1_69' title='bbox 351 1733 493 1795; x_wconf 84' lang='lat' dir='ltr'><strong>Deedsls</strong></span> <span class='ocrx_word' id='word_1_70' title='bbox 511 1734 641 1792; x_wconf 75' lang='lat' dir='ltr'><strong>ineundo</strong></span> <span class='ocrx_word' id='word_1_71' title='bbox 660 1734 775 1792; x_wconf 87' lang='lat' dir='ltr'><strong>florens</strong></span> <span class='ocrx_word' id='word_1_72' title='bbox 795 1734 852 1792; x_wconf 90' lang='lat' dir='ltr'><strong>tibi</strong></span> <span class='ocrx_word' id='word_1_73' title='bbox 875 1733 989 1811; x_wconf 79' lang='lat' dir='ltr'><strong>pagins</strong></span> <span class='ocrx_word' id='word_1_74' title='bbox 1001 1740 1090 1793; x_wconf 66' lang='lat' dir='ltr'><strong>⁴textu</strong></span> 
     </span>
     <span class='ocr_line' id='line_1_14' title="bbox 351 1816 1154 1895; baseline -0.002 -16"><span class='ocrx_word' id='word_1_75' title='bbox 351 1816 485 1879; x_wconf 80' lang='lat' dir='ltr'><strong>Horrids&#39;</strong></span> <span class='ocrx_word' id='word_1_76' title='bbox 506 1818 692 1895; x_wconf 75' lang='lat' dir='ltr'>sanguineae</span> <span class='ocrx_word' id='word_1_77' title='bbox 716 1819 895 1877; x_wconf 82' lang='lat' dir='ltr'><strong>discrimina</strong></span> <span class='ocrx_word' id='word_1_78' title='bbox 914 1818 1013 1895; x_wconf 80' lang='lat' dir='ltr'><strong>pingit</strong></span> <span class='ocrx_word' id='word_1_79' title='bbox 1033 1835 1154 1877; x_wconf 74' lang='lat' dir='ltr'><strong>urenae.</strong></span> 
     </span>
     <span class='ocr_line' id='line_1_15' title="bbox 351 1902 1107 1981; baseline -0.007 -16"><span class='ocrx_word' id='word_1_80' title='bbox 351 1903 426 1965; x_wconf 90' lang='lat' dir='ltr'><strong>Non</strong></span> <span class='ocrx_word' id='word_1_81' title='bbox 446 1905 558 1963; x_wconf 81' lang='lat' dir='ltr'><strong>absunt</strong></span> <span class='ocrx_word' id='word_1_82' title='bbox 580 1902 654 1976; x_wconf 82' lang='lat' dir='ltr'><strong>illie,</strong></span> <span class='ocrx_word' id='word_1_83' title='bbox 678 1904 753 1981; x_wconf 85' lang='lat' dir='ltr'><strong>agili</strong></span> <span class='ocrx_word' id='word_1_84' title='bbox 771 1922 846 1980; x_wconf 88' lang='lat' dir='ltr'><strong>quos</strong></span> <span class='ocrx_word' id='word_1_85' title='bbox 870 1903 996 1962; x_wconf 77' lang='lat' dir='ltr'><strong>collocet</strong></span> <span class='ocrx_word' id='word_1_86' title='bbox 1017 1904 1107 1962; x_wconf 77' lang='lat' dir='ltr'><strong>haste</strong></span> 
     </span>
     <span class='ocr_line' id='line_1_16' title="bbox 352 1987 1007 2064; baseline -0.005 -15"><span class='ocrx_word' id='word_1_87' title='bbox 352 1990 496 2061; x_wconf 82' lang='lat' dir='ltr'>Venator,</span> <span class='ocrx_word' id='word_1_88' title='bbox 519 1988 626 2064; x_wconf 84' lang='lat' dir='ltr'><strong>Libyci</strong></span> <span class='ocrx_word' id='word_1_89' title='bbox 649 1988 734 2047; x_wconf 81' lang='lat' dir='ltr'>fulva</span> <span class='ocrx_word' id='word_1_90' title='bbox 753 1987 870 2046; x_wconf 81' lang='lat' dir='ltr'><strong>cervice</strong></span> <span class='ocrx_word' id='word_1_91' title='bbox 890 1988 1007 2046; x_wconf 84' lang='lat' dir='ltr'><strong>leones.</strong></span> 
     </span>
    </p>

    <p class='ocr_par' dir='ltr' id='par_1_6' title="bbox 350 2070 1183 3679">
     <span class='ocr_line' id='line_1_17' title="bbox 354 2070 1179 2151; baseline -0.002 -17"><span class='ocrx_word' id='word_1_92' title='bbox 354 2073 436 2146; x_wconf 85' lang='lat' dir='ltr'>Non,</span> <span class='ocrx_word' id='word_1_93' title='bbox 458 2091 586 2149; x_wconf 87' lang='lat' dir='ltr'>quorum</span> <span class='ocrx_word' id='word_1_94' title='bbox 605 2072 738 2151; x_wconf 79' lang='lat' dir='ltr'><strong>gladium</strong></span> <span class='ocrx_word' id='word_1_95' title='bbox 763 2073 918 2133; x_wconf 77' lang='lat' dir='ltr'><strong>coniector</strong></span> <span class='ocrx_word' id='word_1_96' title='bbox 938 2073 970 2131; x_wconf 92' lang='lat' dir='ltr'><strong>in</strong></span> <span class='ocrx_word' id='word_1_97' title='bbox 992 2072 1046 2130; x_wconf 77' lang='lat' dir='ltr'><strong>ilie</strong></span> <span class='ocrx_word' id='word_1_98' title='bbox 1067 2070 1179 2132; x_wconf 82' lang='lat' dir='ltr'><strong>condat</strong></span> 
     </span>
     <span class='ocr_line' id='line_1_18' title="bbox 353 2156 1123 2233; baseline -0.005 -14"><span class='ocrx_word' id='word_1_99' title='bbox 353 2157 540 2230; x_wconf 83' lang='lat' dir='ltr'><strong>Comminus,</strong></span> <span class='ocrx_word' id='word_1_100' title='bbox 564 2156 679 2216; x_wconf 80' lang='lat' dir='ltr'><strong>exertis</strong></span> <span class='ocrx_word' id='word_1_101' title='bbox 698 2158 854 2216; x_wconf 86' lang='lat' dir='ltr'><strong>metuendi</strong></span> <span class='ocrx_word' id='word_1_102' title='bbox 878 2157 1018 2216; x_wconf 88' lang='lat' dir='ltr'><strong>dentibus</strong></span> <span class='ocrx_word' id='word_1_103' title='bbox 1039 2157 1123 2233; x_wconf 75' lang='lat' dir='ltr'><strong>apri:</strong></span> 
     </span>
     <span class='ocr_line' id='line_1_19' title="bbox 351 2242 1116 2319; baseline -0.004 -15"><span class='ocrx_word' id='word_1_104' title='bbox 351 2247 414 2304; x_wconf 88' lang='lat' dir='ltr'><strong>Aut</strong></span> <span class='ocrx_word' id='word_1_105' title='bbox 433 2242 598 2300; x_wconf 79' lang='lat' dir='ltr'><strong>matutinae</strong></span> <span class='ocrx_word' id='word_1_106' title='bbox 620 2262 682 2302; x_wconf 91' lang='lat' dir='ltr'><strong>uon</strong></span> <span class='ocrx_word' id='word_1_107' title='bbox 705 2243 814 2301; x_wconf 79' lang='lat' dir='ltr'><strong>ultime</strong></span> <span class='ocrx_word' id='word_1_108' title='bbox 833 2260 1116 2319; x_wconf 13' lang='lat' dir='ltr'><strong>munernvpugnee,</strong></span> 
     </span>
     <span class='ocr_line' id='line_1_20' title="bbox 352 2325 1163 2408; baseline -0.001 -19"><span class='ocrx_word' id='word_1_109' title='bbox 352 2326 487 2405; x_wconf 84' lang='lat' dir='ltr'><strong>ffispide</strong></span> <span class='ocrx_word' id='word_1_110' title='bbox 506 2325 684 2403; x_wconf 83' lang='lat' dir='ltr'><strong>Rhipheeus</strong></span> <span class='ocrx_word' id='word_1_111' title='bbox 705 2325 807 2408; x_wconf 79' lang='lat' dir='ltr'><strong>gelide</strong></span> <span class='ocrx_word' id='word_1_112' title='bbox 830 2334 974 2406; x_wconf 82' lang='lat' dir='ltr'><strong>portentu</strong></span> <span class='ocrx_word' id='word_1_113' title='bbox 993 2329 1050 2387; x_wconf 88' lang='lat' dir='ltr'><strong>sub</strong></span> <span class='ocrx_word' id='word_1_114' title='bbox 1068 2328 1163 2388; x_wconf 80' lang='lat' dir='ltr'><strong>Arete</strong></span> 
     </span>
     <span class='ocr_line' id='line_1_21' title="bbox 354 2412 1141 2491; baseline -0.001 -18"><span class='ocrx_word' id='word_1_115' title='bbox 354 2415 442 2490; x_wconf 82' lang='lat' dir='ltr'><strong>Quae</strong></span> <span class='ocrx_word' id='word_1_116' title='bbox 461 2419 589 2490; x_wconf 84' lang='lat' dir='ltr'><strong>generet</strong></span> <span class='ocrx_word' id='word_1_117' title='bbox 612 2414 720 2487; x_wconf 72' lang='lat' dir='ltr'><strong>saltus,</strong></span> <span class='ocrx_word' id='word_1_118' title='bbox 745 2413 889 2491; x_wconf 77' lang='lat' dir='ltr'><strong>spatiosis</strong></span> <span class='ocrx_word' id='word_1_119' title='bbox 912 2412 1045 2485; x_wconf 86' lang='lat' dir='ltr'><strong>molibus</strong></span> <span class='ocrx_word' id='word_1_120' title='bbox 1067 2413 1141 2472; x_wconf 90' lang='lat' dir='ltr'><strong>ursi.</strong></span> 
     </span>
     <span class='ocr_line' id='line_1_22' title="bbox 351 2497 1117 2574; baseline -0.003 -17"><span class='ocrx_word' id='word_1_121' title='bbox 351 2500 388 2557; x_wconf 92' lang='lat' dir='ltr'><strong>In</strong></span> <span class='ocrx_word' id='word_1_122' title='bbox 411 2515 539 2574; x_wconf 86' lang='lat' dir='ltr'>quorum</span> <span class='ocrx_word' id='word_1_123' title='bbox 562 2505 672 2558; x_wconf 89' lang='lat' dir='ltr'><strong>mortes</strong></span> <span class='ocrx_word' id='word_1_124' title='bbox 696 2501 823 2557; x_wconf 82' lang='lat' dir='ltr'><strong>veniunt</strong></span> <span class='ocrx_word' id='word_1_125' title='bbox 841 2507 872 2557; x_wconf 90' lang='lat' dir='ltr'><strong>et</strong></span> <span class='ocrx_word' id='word_1_126' title='bbox 892 2497 984 2557; x_wconf 80' lang='lat' dir='ltr'>funus</span> <span class='ocrx_word' id='word_1_127' title='bbox 1005 2516 1117 2556; x_wconf 71' lang='lat' dir='ltr'><strong>arente</strong></span> 
     </span>
     <span class='ocr_line' id='line_1_23' title="bbox 351 2583 1108 2660; baseline -0.001 -18"><span class='ocrx_word' id='word_1_128' title='bbox 351 2583 411 2642; x_wconf 86' lang='lat' dir='ltr'><strong>Vel</strong></span> <span class='ocrx_word' id='word_1_129' title='bbox 432 2583 483 2659; x_wconf 80' lang='lat' dir='ltr'><strong>qui</strong></span> <span class='ocrx_word' id='word_1_130' title='bbox 503 2584 672 2658; x_wconf 81' lang='lat' dir='ltr'><strong>composito</strong></span> <span class='ocrx_word' id='word_1_131' title='bbox 693 2583 805 2660; x_wconf 82' lang='lat' dir='ltr'><strong>&#39;gressu</strong></span> <span class='ocrx_word' id='word_1_132' title='bbox 825 2585 951 2642; x_wconf 75' lang='lat' dir='ltr'><strong>robuste</strong></span> <span class='ocrx_word' id='word_1_133' title='bbox 969 2591 1108 2642; x_wconf 85' lang='lat' dir='ltr'><strong>tenentes</strong></span> 
     </span>
     <span class='ocr_line' id='line_1_24' title="bbox 351 2667 1004 2728; baseline -0.006 0"><span class='ocrx_word' id='word_1_134' title='bbox 351 2669 505 2728; x_wconf 79' lang='lat' dir='ltr'><strong>Intraturs</strong></span> <span class='ocrx_word' id='word_1_135' title='bbox 524 2667 606 2725; x_wconf 83' lang='lat' dir='ltr'><strong>ferus</strong></span> <span class='ocrx_word' id='word_1_136' title='bbox 628 2667 729 2727; x_wconf 74' lang='lat' dir='ltr'><strong>valido</strong></span> <span class='ocrx_word' id='word_1_137' title='bbox 753 2668 905 2728; x_wconf 69' lang='lat' dir='ltr'><strong>venabula</strong></span> <span class='ocrx_word' id='word_1_138' title='bbox 927 2668 1004 2726; x_wconf 88' lang='lat' dir='ltr'><strong>nisu·</strong></span> 
     </span>
     <span class='ocr_line' id='line_1_25' title="bbox 353 2752 1065 2830; baseline -0.01 -14"><span class='ocrx_word' id='word_1_139' title='bbox 353 2752 531 2816; x_wconf 82' lang='lat' dir='ltr'><strong>Subsistuut</strong></span> <span class='ocrx_word' id='word_1_140' title='bbox 554 2752 642 2830; x_wconf 82' lang='lat' dir='ltr'><strong>ipsis,</strong></span> <span class='ocrx_word' id='word_1_141' title='bbox 665 2752 714 2811; x_wconf 86' lang='lat' dir='ltr'><strong>vel</strong></span> <span class='ocrx_word' id='word_1_142' title='bbox 737 2753 788 2828; x_wconf 92' lang='lat' dir='ltr'><strong>qni</strong></span> <span class='ocrx_word' id='word_1_143' title='bbox 813 2753 924 2812; x_wconf 75' lang='lat' dir='ltr'><strong>libratu</strong></span> <span class='ocrx_word' id='word_1_144' title='bbox 943 2752 1065 2810; x_wconf 74' lang='lat' dir='ltr'><strong>lacertis</strong></span> 
     </span>
     <span class='ocr_line' id='line_1_26' title="bbox 351 2837 1121 2914; baseline -0.006 -15"><span class='ocrx_word' id='word_1_145' title='bbox 351 2837 485 2899; x_wconf 80' lang='lat' dir='ltr'><strong>Missilis</strong></span> <span class='ocrx_word' id='word_1_146' title='bbox 505 2837 670 2912; x_wconf 87' lang='lat' dir='ltr'><strong>expediunt</strong></span> <span class='ocrx_word' id='word_1_147' title='bbox 691 2838 825 2914; x_wconf 87' lang='lat' dir='ltr'><strong>tepidum</strong></span> <span class='ocrx_word' id='word_1_148' title='bbox 848 2844 955 2913; x_wconf 77' lang='lat' dir='ltr'><strong>potura</strong></span> <span class='ocrx_word' id='word_1_149' title='bbox 973 2855 1121 2897; x_wconf 73' lang='lat' dir='ltr'><strong>morem.</strong></span> 
     </span>
     <span class='ocr_line' id='line_1_27' title="bbox 352 2921 1183 3000; baseline -0.004 -17"><span class='ocrx_word' id='word_1_150' title='bbox 352 2924 493 2998; x_wconf 90' lang='lat' dir='ltr'><strong>Denique</strong></span> <span class='ocrx_word' id='word_1_151' title='bbox 515 2941 574 2980; x_wconf 90' lang='lat' dir='ltr'><strong>non</strong></span> <span class='ocrx_word' id='word_1_152' title='bbox 594 2922 667 2995; x_wconf 82' lang='lat' dir='ltr'><strong>illic,</strong></span> <span class='ocrx_word' id='word_1_153' title='bbox 689 2923 799 3000; x_wconf 87' lang='lat' dir='ltr'><strong>populi</strong></span> <span class='ocrx_word' id='word_1_154' title='bbox 820 2939 899 2999; x_wconf 82' lang='lat' dir='ltr'><strong>quse</strong></span> <span class='ocrx_word' id='word_1_155' title='bbox 920 2921 1032 3000; x_wconf 76' lang='lat' dir='ltr'><strong>gaudia</strong></span> <span class='ocrx_word' id='word_1_156' title='bbox 1053 2929 1183 2998; x_wconf 79' lang='lat' dir='ltr'><strong>pascent</strong></span> 
     </span>
     <span class='ocr_line' id='line_1_28' title="bbox 351 3007 1165 3084; baseline -0.006 -16"><span class='ocrx_word' id='word_1_157' title='bbox 351 3008 567 3084; x_wconf 84' lang='lat' dir='ltr'><strong>Luxuriaeque</strong></span> <span class='ocrx_word' id='word_1_158' title='bbox 589 3015 699 3084; x_wconf 83' lang='lat' dir='ltr'><strong>parent</strong></span> <span class='ocrx_word' id='word_1_159' title='bbox 719 3008 833 3080; x_wconf 87' lang='lat' dir='ltr'>ludum,</span> <span class='ocrx_word' id='word_1_160' title='bbox 850 3007 1025 3084; x_wconf 79' lang='lat' dir='ltr'><strong>speeteeuln</strong></span> <span class='ocrx_word' id='word_1_161' title='bbox 1046 3007 1165 3066; x_wconf 78' lang='lat' dir='ltr'><strong>desunt.</strong></span> 
     </span>
     <span class='ocr_line' id='line_1_29' title="bbox 352 3091 1155 3170; baseline -0.004 -18"><span class='ocrx_word' id='word_1_162' title='bbox 352 3093 422 3152; x_wconf 89' lang='lat' dir='ltr'><strong>Non</strong></span> <span class='ocrx_word' id='word_1_163' title='bbox 442 3111 520 3169; x_wconf 89' lang='lat' dir='ltr'><strong>quos</strong></span> <span class='ocrx_word' id='word_1_164' title='bbox 543 3093 741 3170; x_wconf 82' lang='lat' dir='ltr'><strong>praepinguis</strong></span> <span class='ocrx_word' id='word_1_165' title='bbox 761 3093 910 3152; x_wconf 83' lang='lat' dir='ltr'><strong>distentos</strong></span> <span class='ocrx_word' id='word_1_166' title='bbox 927 3091 1007 3150; x_wconf 87' lang='lat' dir='ltr'><strong>mole</strong></span> <span class='ocrx_word' id='word_1_167' title='bbox 1028 3093 1155 3168; x_wconf 71' lang='lat' dir='ltr'><strong>saginae</strong></span> 
     </span>
     <span class='ocr_line' id='line_1_30' title="bbox 351 3177 1126 3254; baseline -0.003 -16"><span class='ocrx_word' id='word_1_168' title='bbox 351 3179 388 3238; x_wconf 91' lang='lat' dir='ltr'><strong>In</strong></span> <span class='ocrx_word' id='word_1_169' title='bbox 411 3195 533 3239; x_wconf 75' lang='lat' dir='ltr'>suenum</span> <span class='ocrx_word' id='word_1_170' title='bbox 554 3177 694 3254; x_wconf 86' lang='lat' dir='ltr'><strong>implevit</strong></span> <span class='ocrx_word' id='word_1_171' title='bbox 711 3177 855 3236; x_wconf 84' lang='lat' dir='ltr'><strong>membris</strong></span> <span class='ocrx_word' id='word_1_172' title='bbox 878 3177 984 3235; x_wconf 81' lang='lat' dir='ltr'><strong>srvinn</strong></span> <span class='ocrx_word' id='word_1_173' title='bbox 1005 3177 1126 3249; x_wconf 86' lang='lat' dir='ltr'><strong>torosis,</strong></span> 
     </span>
     <span class='ocr_line' id='line_1_31' title="bbox 352 3261 1173 3339; baseline -0.005 -17"><span class='ocrx_word' id='word_1_174' title='bbox 352 3262 412 3337; x_wconf 85' lang='lat' dir='ltr'><strong>Qui</strong></span> <span class='ocrx_word' id='word_1_175' title='bbox 437 3271 526 3339; x_wconf 81' lang='lat' dir='ltr'><strong>eaput</strong></span> <span class='ocrx_word' id='word_1_176' title='bbox 544 3263 575 3320; x_wconf 92' lang='lat' dir='ltr'><strong>in</strong></span> <span class='ocrx_word' id='word_1_177' title='bbox 597 3263 705 3322; x_wconf 79' lang='lat' dir='ltr'><strong>caedes</strong></span> <span class='ocrx_word' id='word_1_178' title='bbox 726 3272 757 3320; x_wconf 89' lang='lat' dir='ltr'><strong>et</strong></span> <span class='ocrx_word' id='word_1_179' title='bbox 779 3270 883 3320; x_wconf 86' lang='lat' dir='ltr'><strong>mutus</strong></span> <span class='ocrx_word' id='word_1_180' title='bbox 902 3261 1011 3320; x_wconf 78' lang='lat' dir='ltr'><strong>iuuere</strong></span> <span class='ocrx_word' id='word_1_181' title='bbox 1031 3261 1173 3319; x_wconf 86' lang='lat' dir='ltr'><strong>vendunt.</strong></span> 
     </span>
     <span class='ocr_line' id='line_1_32' title="bbox 352 3345 1065 3407; baseline -0.003 0"><span class='ocrx_word' id='word_1_182' title='bbox 352 3347 413 3407; x_wconf 83' lang='lat' dir='ltr'><strong>Hie</strong></span> <span class='ocrx_word' id='word_1_183' title='bbox 432 3355 462 3406; x_wconf 93' lang='lat' dir='ltr'><strong>et</strong></span> <span class='ocrx_word' id='word_1_184' title='bbox 483 3347 627 3406; x_wconf 88' lang='lat' dir='ltr'><strong>Mirmillo</strong></span> <span class='ocrx_word' id='word_1_185' title='bbox 650 3347 741 3407; x_wconf 85' lang='lat' dir='ltr'><strong>nixus</strong></span> <span class='ocrx_word' id='word_1_186' title='bbox 765 3346 896 3405; x_wconf 85' lang='lat' dir='ltr'><strong>subsidit</strong></span> <span class='ocrx_word' id='word_1_187' title='bbox 915 3346 948 3404; x_wconf 92' lang='lat' dir='ltr'><strong>in</strong></span> <span class='ocrx_word' id='word_1_188' title='bbox 971 3345 1065 3405; x_wconf 82' lang='lat' dir='ltr'><strong>ermis</strong></span> 
     </span>
     <span class='ocr_line' id='line_1_33' title="bbox 351 3429 1083 3503; baseline -0.005 -11"><span class='ocrx_word' id='word_1_189' title='bbox 351 3431 492 3492; x_wconf 76' lang='lat' dir='ltr'>Pendula</span> <span class='ocrx_word' id='word_1_190' title='bbox 512 3432 670 3490; x_wconf 83' lang='lat' dir='ltr'><strong>declinans</strong></span> <span class='ocrx_word' id='word_1_191' title='bbox 693 3433 829 3490; x_wconf 72' lang='lat' dir='ltr'><strong>vibratae</strong></span> <span class='ocrx_word' id='word_1_192' title='bbox 849 3432 928 3490; x_wconf 80' lang='lat' dir='ltr'><strong>retia</strong></span> <span class='ocrx_word' id='word_1_193' title='bbox 945 3429 1083 3503; x_wconf 75' lang='lat' dir='ltr'><strong>dextrae,</strong></span> 
     </span>
     <span class='ocr_line' id='line_1_34' title="bbox 350 3515 1120 3592; baseline -0.006 -16"><span class='ocrx_word' id='word_1_194' title='bbox 350 3519 548 3592; x_wconf 76' lang='lat' dir='ltr'><strong>verberaque</strong></span> <span class='ocrx_word' id='word_1_195' title='bbox 570 3535 589 3574; x_wconf 81' lang='lat' dir='ltr'><strong>s</strong></span> <span class='ocrx_word' id='word_1_196' title='bbox 610 3525 693 3576; x_wconf 82' lang='lat' dir='ltr'><strong>tuoto</strong></span> <span class='ocrx_word' id='word_1_197' title='bbox 717 3517 803 3574; x_wconf 83' lang='lat' dir='ltr'><strong>timet</strong></span> <span class='ocrx_word' id='word_1_198' title='bbox 818 3515 967 3574; x_wconf 73' lang='lat' dir='ltr'><strong>intentata</strong></span> <span class='ocrx_word' id='word_1_199' title='bbox 987 3515 1120 3574; x_wconf 86' lang='lat' dir='ltr'><strong>tridente</strong></span> 
     </span>
     <span class='ocr_line' id='line_1_35' title="bbox 352 3600 1081 3679; baseline -0.011 -15"><span class='ocrx_word' id='word_1_200' title='bbox 352 3600 525 3679; x_wconf 84' lang='lat' dir='ltr'><strong>So[l]linitis</strong></span> <span class='ocrx_word' id='word_1_201' title='bbox 546 3600 641 3660; x_wconf 85' lang='lat' dir='ltr'><strong>oeulis</strong></span> <span class='ocrx_word' id='word_1_202' title='bbox 659 3601 793 3660; x_wconf 84' lang='lat' dir='ltr'><strong>tuniesto</strong></span> <span class='ocrx_word' id='word_1_203' title='bbox 813 3608 895 3660; x_wconf 86' lang='lat' dir='ltr'><strong>tutus</strong></span> <span class='ocrx_word' id='word_1_204' title='bbox 920 3602 959 3659; x_wconf 82' lang='lat' dir='ltr'><strong>nb</strong></span> <span class='ocrx_word' id='word_1_205' title='bbox 981 3601 1081 3660; x_wconf 90' lang='lat' dir='ltr'><strong>hoste.</strong></span> 
     </span>
    </p>

    <p class='ocr_par' dir='ltr' id='par_1_7' title="bbox 348 3685 1228 3933">
     <span class='ocr_line' id='line_1_36' title="bbox 350 3685 1228 3765; baseline -0.008 -18"><span class='ocrx_word' id='word_1_206' title='bbox 350 3691 413 3748; x_wconf 89' lang='lat' dir='ltr'><strong>Aut</strong></span> <span class='ocrx_word' id='word_1_207' title='bbox 433 3705 490 3765; x_wconf 85' lang='lat' dir='ltr'><strong>par</strong></span> <span class='ocrx_word' id='word_1_208' title='bbox 514 3687 695 3762; x_wconf 81' lang='lat' dir='ltr'><strong>aequimeno</strong></span> <span class='ocrx_word' id='word_1_209' title='bbox 718 3702 859 3763; x_wconf 72' lang='lat' dir='ltr'><strong>pugnans</strong></span> <span class='ocrx_word' id='word_1_210' title='bbox 881 3703 948 3743; x_wconf 86' lang='lat' dir='ltr'><strong>eum</strong></span> <span class='ocrx_word' id='word_1_211' title='bbox 971 3685 1089 3744; x_wconf 84' lang='lat' dir='ltr'><strong>Threee</strong></span> <span class='ocrx_word' id='word_1_212' title='bbox 1110 3688 1228 3744; x_wconf 77' lang='lat' dir='ltr'><strong>secutor</strong></span> 
     </span>
     <span class='ocr_line' id='line_1_37' title="bbox 348 3770 1080 3850; baseline -0.007 -19"><span class='ocrx_word' id='word_1_213' title='bbox 348 3773 563 3850; x_wconf 81' lang='lat' dir='ltr'><strong>Improspeets</strong></span> <span class='ocrx_word' id='word_1_214' title='bbox 584 3777 670 3829; x_wconf 74' lang='lat' dir='ltr'><strong>cavet</strong></span> <span class='ocrx_word' id='word_1_215' title='bbox 691 3771 822 3830; x_wconf 79' lang='lat' dir='ltr'><strong>feleutne</strong></span> <span class='ocrx_word' id='word_1_216' title='bbox 842 3771 968 3829; x_wconf 75' lang='lat' dir='ltr'><strong>vulnere</strong></span> <span class='ocrx_word' id='word_1_217' title='bbox 986 3770 1080 3829; x_wconf 77' lang='lat' dir='ltr'><strong>siene.</strong></span> 
     </span>
     <span class='ocr_line' id='line_1_38' title="bbox 351 3853 1114 3933; baseline -0.014 -13"><span class='ocrx_word' id='word_1_218' title='bbox 351 3857 466 3920; x_wconf 86' lang='lat' dir='ltr'><strong>Omnis</strong></span> <span class='ocrx_word' id='word_1_219' title='bbox 484 3875 562 3933; x_wconf 75' lang='lat' dir='ltr'>quae</span> <span class='ocrx_word' id='word_1_220' title='bbox 582 3855 716 3916; x_wconf 89' lang='lat' dir='ltr'><strong>tenebris</strong></span> <span class='ocrx_word' id='word_1_221' title='bbox 731 3862 843 3932; x_wconf 81' lang='lat' dir='ltr'><strong>erepte</strong></span> <span class='ocrx_word' id='word_1_222' title='bbox 862 3855 1022 3916; x_wconf 81' lang='lat' dir='ltr'><strong>silentibus</strong></span> <span class='ocrx_word' id='word_1_223' title='bbox 1041 3853 1114 3916; x_wconf 80' lang='lat' dir='ltr'><strong>Orsi</strong></span> 
     </span>
    </p>
   </div>
   <div class='ocr_carea' id='block_1_3' title="bbox 0 0 1504 4725">
    <p class='ocr_par' dir='ltr' id='par_1_8' title="bbox 0 0 1504 4725">
     <span class='ocr_line' id='line_1_39' title="bbox 0 0 1504 4725; baseline 0 0"><span class='ocrx_word' id='word_1_224' title='bbox 0 0 1504 4725; x_wconf 95' lang='lat' dir='ltr'><strong> </strong></span> 
     </span>
    </p>
   </div>
  </div>
 </body>
</html>
