3000 4725
710 609 862 704 *Q

370 769 449 854 δρδὴ
473 771 591 840 παστὰς
616 771 701 836 ἑοῦσ’
727 772 785 836 οὐκ
807 773 844 836 ἂν
866 773 965 843 ἔδειξε
986 772 1091 841 θεοὺς.

327 942 358 1013 8,
367 941 418 1002 68.
442 937 475 1006 ὃς
496 943 550 1002 τοῦ
573 935 735 1024 Κορκύρης
756 939 879 1086 ὄρχους,
895 937 1052 1017 Ἔντελλε,
1074 941 1223 1025 τυράννου

371 1021 445 1099 εἶδε,
468 1023 627 1108 προτιμῴη
649 1026 700 1088 τδν
726 1027 779 1088 σδν
820 1025 975 1089 νοικίδιον.

369 1192 421 1253 καὶ
441 1195 540 1275 ψῦχος
562 1189 690 1278 Βάκχου
712 1217 753 1276 μη
775 1216 867 1276 χανος
887 1194 947 1276 ἡδὺ
973 1197 1065 1278 δακη,

329 1278 369 1358 ζῇ
389 1275 504 1360 τοίχοις
526 1273 703 1361 ἔμφρουρος
727 1278 758 1340 ἐν
783 1277 945 1341 ύελινοῖσιν
970 1280 1091 1361 ὀπώρη,
1115 1294 1118 1298 ’
1166 1325 1170 1328 -

369 1359 514 1422 κεύθεται
536 1361 706 1444 εὐδαίμων,
728 1361 800 1425 οὔτε
818 1361 949 1446 λέληθε,
972 1362 1091 1449 βότρυς.

327 1443 411 1507 ούτω
434 1446 515 1507 λιτδν
540 1445 619 1529 ύφος
641 1447 799 1530 διαφαίνει
819 1452 927 1532 χρῶτα
949 1445 1103 1528 γυναικός,

371 1529 469 1597 ούτως
493 1527 623 1613 ἐκκρίνει
646 1535 750 1614 ψῆφον
773 1530 941 1615 ἀκραιφνὲς
961 1532 1057 1614 ὕδωρ.

326 1613 377 1675 καὶ
399 1613 429 1675 τί
450 1611 623 1698 ἀτύλμητον
646 1614 786 1700 βροτέαις
811 1615 900 1699 φύσις
921 1614 1007 1677 εἴασε
1027 1614 1150 1699 τέχναις
1157 1636 1166 1689 ;

369 1695 500 1760 εἴθισται
522 1701 640 1783 χειμὼν
664 1704 783 1784 στεῖρος
801 1699 1028 1783 δπωροφορεῖν.

329 1868 431 1940 1231.
443 1864 524 1929 τοῦτ’
533 1865 638 1941 ἄλσος,
647 1870 757 1950 κρῆναι
769 1867 1032 1951 τε,καὶὴμερίδων
1042 1864 1105 1930 τύδ’
1114 1867 1238 1951 ύφασμα

372 1949 492 2022 εύσκιον
515 1952 535 2034 ῆ
555 1949 589 2011 τ’
611 1951 705 2033 ἐλατὴ
730 1951 844 2036 ῥύακος
866 1950 1015 2036 ύδρυχύη,

326 2035 377 2099 καὶ
400 2037 524 2118 λειμὼν,
546 2035 596 2097 καὶ
621 2033 748 2122 Παιστῷ
772 2036 923 2119 ἐρίζοντες
945 2036 1108 2120 ροδεΐυνες,

368 2120 492 2204 χείματι
513 2119 540 2181 τ’
563 2119 599 2182 ού
628 2120 729 2202 ριχοῦν
748 2120 901 2203 τηλεθάον
926 2121 1075 2204 λάχανον,

328 2201 459 2288 ἔγχελυς
481 2203 512 2264 ἐν
533 2208 703 2285 στεχανοῖσι
722 2204 951 2268 τιδασσεύουσα
971 2203 1148 2288 κολύμβοις,

370 2289 390 2371 ἥ
412 2286 441 2348 τ’
465 2286 563 2370 ὄρνεις
585 2289 678 2371 λευκὴ
702 2289 805 2375 τύρσις
823 2286 934 2374 ἔχουσ’
953 2287 1121 2374 ὁμόχρους,

327 2370 516 2457 Μαρκέλλης
542 2372 616 2456 δῶρ’
643 2373 716 2439 ἐστί.
747 2373 830 2456 μέλλ’Ἰ
846 2374 1023 2479 ἑβδομάδας
1045 2372 1236 2457 λυκαβάντων

369 2455 460 2518 πέντε
483 2478 534 2539 μοι
557 2457 719 2543 ἐρχομένῳ
743 2459 835 2542 μικρά
859 2459 916 2521 τάδ
954 2459 1025 2520 οἰκί’
1047 2456 1125 2523 ἔδω.

329 2540 361 2604 εἴ
370 2538 1116 2711 {3325}ss⁰³33sspr{2²:22⁸{X225213432220⁰‘’

324 2672 328 2679 .
688 2674 696 2703 ‚
1060 2672 1068 2687 ,

313 2797 415 2870 ύμδί.
438 2791 572 2878 Βέσβιος
594 2793 672 2857 ἐστὶν
694 2793 744 2857 ὅδ’
760 2794 827 2878 ἄρτι
845 2797 1009 2863 κατάσκιος
1025 2795 1235 2859 οἰνοπέδοιοιν.

372 2880 435 2941 ὧδε
458 2879 550 2962 τρύχη
572 2878 685 2962 ληνοὺς
705 2882 817 2941 κλῦσεν
838 2880 1041 2965 ἐυστάφυλος.

326 2962 416 3027 ταῦτ’
440 2962 507 3046 ύρε’
531 2964 550 3047 ἢ
574 2960 698 3027 Νύσσαν
721 2963 801 3026 πολὺ
827 2967 943 3046 μᾶλλον
973 2964 1084 3048 φίλατο
1107 2960 1234 3049 Βάκχος.

370 3048 401 3110 ἐν
424 3048 514 3132 λύφῳ
533 3047 571 3132 ἦν
590 3046 737 3130 Σατύρων
758 3050 839 3131 τῷδε
858 3049 1058 3133 χοροστασίη.

326 3127 483 3215 Κύπριδος
504 3131 542 3217 ἦν
564 3131 632 3194 τύδ’
646 3132 718 3199 ἕδος
741 3132 821 3194 πολὺ
836 3133 979 3217 φίλτερον
992 3134 1012 3217 ἢ
1027 3133 1234 3216 Λακεδαίμων,

370 3220 475 3301 χῶρος
500 3216 549 3279 ὅδ’
569 3214 762 3299 Ἡρακλέους
781 3216 910 3301 κληίετ’
933 3218 1105 3301 ἐπωνυμίη.

325 3300 425 3362 πάντα
449 3300 481 3362 δ’
504 3302 563 3363 ύπδ
586 3298 699 3385 σποδιῇ
722 3301 816 3385 φλοχί
837 3303 865 3363 τ’
884 3301 1018 3385 Ιἤμυσεν,
1041 3301 1061 3387 η
1084 3301 1123 3386 ρὰ
1145 3298 1235 3363 ἔπεια

368 3384 509 3447 τοιούτου
531 3385 649 3453 πάθεος
670 3386 721 3449 καὶ
742 3386 890 3467 μετάνοια
913 3386 1007 3455 θεοῖς.

387 3576 389 3587 ·
453 3574 478 3615 ε.
501 3548 712 3617 ΕΠΙΤΑΦΙΑ.
734 3550 806 3617 ΚΑΙ
829 3550 894 3617 ΕΙΣ
918 3550 1119 3619 ΝΕΚΡΟΥΣ.

327 3640 356 3713 7,
365 3638 416 3703 96.
440 3636 594 3719 άλχοσύνη
608 3634 736 3701 Βάσσου
748 3643 821 3705 παῖς
835 3635 986 3768 θύρβικος
1003 3639 1116 3703 ἐνθάδε
1129 3643 1234 3721 κεῖμαι,

368 3720 504 3804 τούνομα
526 3720 570 3807 τῷ
588 3718 698 3805 Ῥώμη
720 3724 773 3785 καὶ
795 3724 828 3785 τὸ
852 3722 998 3804 χανεδλον
1021 3720 1107 3785 ἔδω·

327 3804 359 3876 ἓξ
381 3811 440 3890 μοῦ
463 3811 501 3891 τῇ
523 3808 631 3890 πρώτη
652 3808 815 3890 τριετηρίδι
837 3810 932 3889 μῆνες
955 3808 1089 3890 ἀπῆσαν,

327 1106 509 1190 πορφυρέας
529 1107 579 1170 ίνα
601 1110 644 1192 μὴ
670 1108 830 1216 σταφυλὰς
850 1110 930 1175 κατὰ
948 1113 1066 1214 πάχνος
1089 1110 1194 1192 ἰάπτῃ,
1239 1070 1241 1075 Ι
1315 1084 1316 1127 ¹
