3000 4725
661 646 701 707 93

274 815 366 890 Quem
388 816 472 875 dirae
491 815 610 875 titulum
631 815 737 875 mortis
760 815 872 874 hebere
889 814 996 891 potest

238 900 306 975 Quid
326 901 382 960 tibi
403 919 470 959 curn
491 900 573 959 clero
598 908 646 959 est
667 900 763 959 radiis
785 899 966 976 Hyperione
988 901 1109 961 cincto?

271 986 375 1047 Redde
396 987 461 1045 orbi
483 985 631 1045 Dousam.
661 985 706 1045 sol
728 992 793 1045 erat
813 984 866 1042 ille
887 993 966 1044 tuns.

237 1069 290 1133 Sed
311 1071 383 1147 quid
403 1088 480 1130 vana
502 1070 635 1145 queror?
658 1071 727 1129 dum
751 1086 838 1127 mens
861 1069 957 1127 evicta
977 1070 1085 1130 dolore

270 1157 372 1215 Verba
390 1155 460 1213 iacit
482 1155 583 1215 surdis
607 1154 775 1230 diripienda
797 1152 908 1213 Notis?

236 1240 314 1317 Quod
335 1242 408 1313 fleo,
428 1260 489 1298 non
511 1240 655 1313 lacrimis,
676 1260 738 1299 non
759 1247 807 1297 est
820 1239 991 1299 revocabile
1012 1248 1131 1317 questu.

270 1327 406 1384 lecturas
429 1332 529 1383 tentae
552 1344 610 1383 non
635 1325 716 1400 cepit
735 1324 781 1383 ire
801 1324 934 1383 modum.

234 1410 299 1470 Flos
323 1410 476 1469 hominum
499 1428 575 1486 quae
598 1417 628 1467 te
651 1409 749 1468 nostri
771 1408 915 1467 feralibus
937 1409 1004 1469 eevi

269 1496 428 1555 infensum
452 1494 531 1553 vitiis
556 1494 644 1554 ocior
659 1513 731 1553 aura
751 1492 852 1569 rapit?

234 1578 293 1639 Nec
314 1580 372 1639 tibi
393 1578 540 1651 concessi,
563 1578 684 1638 modico
704 1597 779 1654 quos
800 1577 897 1635 limite
915 1578 991 1637 fines

270 1664 434 1742 Temporis
457 1663 579 1721 humani
600 1664 680 1723 iusta
702 1670 825 1723 senecta
847 1662 933 1739 petit.

234 1747 288 1811 Sed
310 1750 431 1809 medius
454 1749 588 1809 moriens
612 1748 691 1807 inter
712 1748 912 1823 iuvenemque
928 1766 1092 1825 senemque

269 1834 335 1893 Nec
360 1834 463 1893 iuveni
485 1833 620 1910 propior,
648 1832 835 1909 posteriorve
857 1850 941 1904 sene,

232 1918 298 1981 Non
319 1925 497 1995 exspecteta
519 1918 627 1977 hiemis
647 1918 780 1978 statione
800 1917 930 1989 recedis,

269 2008 425 2065 Autumno
447 2003 526 2062 vitae
545 2010 759 2079 praetereunte
781 2008 859 2060 tuee.

233 2092 275 2151 Ah
293 2109 348 2149 cur
370 2108 429 2147 non
452 2106 550 2147 annos
573 2087 695 2147 totidem
716 2087 772 2146 tibi
794 2085 904 2145 sistere
923 2104 1059 2163 possum,

270 2175 355 2250 Quot
376 2192 495 2232 morum
519 2172 625 2235 merito
644 2174 745 2232 vivere
766 2171 874 2248 dignus
898 2189 982 2230 eres:

232 2261 269 2322 Ut
290 2260 401 2321 saltem
425 2258 563 2317 humenis
588 2276 650 2317 non
672 2266 732 2316 tam
756 2257 814 2315 cito
836 2257 927 2315 rebus
951 2257 1110 2337 ademptus
1217 2244 1220 2249 ยน

271 2345 400 2422 Hospes
421 2343 453 2402 in
475 2342 591 2420 Elysiis
613 2343 741 2403 vallibus
766 2342 872 2400 umbre
893 2341 1000 2402 fores?

233 2429 289 2492 Sed
310 2430 383 2507 quie
403 2429 557 2488 lenificum
578 2428 685 2506 rigidis
709 2435 790 2486 vetet
813 2428 887 2487 ordo
911 2446 1045 2488 sororum

269 2514 419 2594 Legibus,
442 2521 472 2572 et
491 2514 564 2574 dure
585 2522 666 2572 stent
688 2513 846 2571 adamante
868 2530 965 2586 serae,

234 2600 321 2678 Quod
345 2617 483 2676 possum,
506 2599 596 2656 secio:
621 2599 803 2676 singultibus
826 2615 897 2656 ecre
919 2599 1042 2671 nudum,

270 2688 371 2761 Atque
391 2683 565 2759 interruptis
589 2684 689 2742 sidera
709 2683 800 2760 pulso
821 2683 921 2742 sonis:

231 2769 269 2830 Ut
290 2772 318 2830 si
339 2787 403 2828 non
424 2768 505 2826 eliud
526 2785 613 2827 verso
634 2787 742 2843 querar
766 2765 872 2826 ordine
893 2784 993 2825 rerum

269 2857 351 2914 Ante
375 2853 454 2911 diem
479 2852 558 2911 vitae
581 2871 678 2929 pense
698 2860 818 2914 resecte
839 2858 919 2922 tuae,

231 2943 328 3016 Atque
348 2957 447 2997 annos
470 2956 675 3013 quoscumque
698 2938 754 2996 tibi
777 2944 847 3014 post
867 2942 952 3011 terge
972 2932 1116 3008 relinquit

271 3025 346 3085 Non
369 3030 546 3099 exspectato
569 3024 629 3082 fine
652 3031 772 3099 peracta
794 3021 869 3080 dies.

232 3110 424 3185 Alloquimur
447 3106 593 3184 Superos.
615 3108 736 3186 tepidae
760 3125 815 3170 sua
834 3105 927 3164 verba
949 3108 1123 3178 sequuntur,

273 3196 369 3270 Inque
393 3191 457 3252 suis
480 3192 621 3250 lacrimae
646 3193 802 3267 questibus
823 3210 876 3250 ore
897 3189 1005 3266 rigant.

234 3278 298 3338 Nec
319 3280 427 3338 flemus
451 3278 560 3336 surdis.
581 3278 772 3354 respondent
792 3277 912 3334 fletibus
937 3292 1054 3348 amnes,

274 3363 360 3438 Quos
384 3382 446 3422 non
471 3363 600 3441 exiguos
624 3370 703 3420 terre
722 3362 837 3422 Batavo
857 3359 943 3432 bibit,

234 3448 349 3521 lienus,
373 3456 402 3506 et
423 3447 454 3505 in
474 3447 552 3506 Reni
572 3448 735 3514 moriturus
758 3449 844 3506 Mose
866 3444 994 3517 lacunis,

275 3535 315 3593 Et
335 3533 438 3610 megni
462 3532 543 3592 Beni
561 3534 660 3608 portio
680 3551 790 3609 magna
811 3529 917 3588 Vahal.

235 3617 305 3696 lpse
325 3618 416 3676 etiam
438 3617 570 3676 lacrimis
591 3635 670 3676 nunc
694 3615 892 3674 auxiliaribus
914 3623 1018 3672 suctus

277 3703 416 3763 Infrenes
438 3703 520 3762 nullo
542 3703 677 3780 margine
698 3701 765 3760 finit
786 3717 890 3775 eques,

236 3785 471 3864 Priscorumque
492 3788 587 3847 larum
609 3786 699 3846 funus
721 3785 835 3864 gentile
858 3784 1019 3861 professus

280 3872 409 3934 Insolito
428 3873 511 3950 ripas
535 3872 672 3934 Dousius
697 3889 785 3930 amne
806 3870 925 3947 premit.
