3000 4725
620 624 771 719 *Q-

242 790 425 849 Trahentem
447 792 484 849 ab
506 793 609 851 Aeaco
632 802 723 870 atque
741 793 857 855 Perseo
880 814 987 873 genus,

239 880 267 933 Δ
287 873 449 934 Temeneia
471 895 530 933 non
549 877 654 952 procul
674 879 835 937 natalibus.

240 958 301 1021 Sed
325 967 474 1018 mortuum
495 960 578 1019 illum
599 962 698 1039 Perga
720 982 808 1022 mons
830 963 1017 1041 Tyn-hunius

238 1045 275 1103 In
296 1042 471 1122 Gortynaeo
493 1047 600 1104 condet
621 1048 757 1106 ustrinae
777 1048 881 1107 sitnmz

239 1128 314 1189 Cum
334 1129 534 1188 lacrumanter
553 1133 670 1190 occidet
692 1141 815 1209 propter
833 1134 943 1191 malum

237 1214 371 1289 Natique
392 1215 601 1293 coniugisque,
623 1236 711 1292 qnam
731 1217 826 1276 irater
846 1234 958 1277 necans

239 1298 353 1360 Orcum
376 1301 526 1359 secundus
548 1309 688 1376 postuma
710 1303 761 1359 via
780 1311 872 1378 petet,

239 1383 355 1443 Caesus
380 1386 496 1443 sororis
517 1403 590 1445 ense
611 1387 734 1445 funesto
756 1388 866 1465 galam,
906 1449 908 1453 ,

239 1468 407 1538 Glauconis
428 1471 611 1547 Absyrtique
636 1472 778 1531 sobrinae
799 1473 963 1549 improbae.

238 1554 299 1612 Hic
321 1560 367 1612 tot
387 1554 483 1613 ruinis
504 1562 605 1629 tctque
627 1558 795 1616 cumulatus
815 1558 913 1630 malis,

239 1637 381 1699 Secundo
404 1639 499 1698 adibit
519 1639 621 1699 Ditem
646 1641 872 1715 inexorabilem,

238 1722 296 1783 Oui
316 1722 417 1782 nullus
441 1743 569 1800 unquam
592 1726 686 1785 sudus
707 1726 809 1786 arrisit
826 1728 902 1785 dies.

238 1808 266 1868 Ο
290 1826 378 1885 quam
401 1808 456 1866 tibi
479 1812 650 1884 praestabat
673 1830 743 1870 esse
763 1811 796 1869 in
819 1813 925 1887 patria,

236 1893 370 1966 Miselle,
394 1902 493 1952 tauros
517 1895 565 1952 vel
587 1895 727 1954 colonum
750 1898 863 1955 rustico
958 1919 961 1925 ·

236 1979 346 2057 Iugare
368 1977 494 2037 asellum
519 1981 575 2038 sub
596 1981 674 2039 coho
698 1981 895 2054 cantherium,

235 2063 332 2123 Fictis
353 2063 461 2122 furoris
481 2063 681 2123 insolescenti
699 2065 786 2140 dolis,

237 2148 336 2224 Quam
357 2155 404 2207 tot
424 2148 526 2207 subire
545 2149 677 2209 luctuum
701 2150 884 2209 discrimina.

235 2236 278 2293 At
300 2233 408 2293 anxius
430 2233 477 2291 vir
499 2234 658 2312 coniugem
680 2242 794 2311 raptam
818 2243 974 2311 expetens.

235 2320 276 2378 Et
296 2318 454 2396 augurales
476 2319 609 2378 ominum
626 2320 752 2380 audiens
774 2328 875 2394 notas,

235 2409 351 2464 Amore
370 2405 480 2479 spectri
500 2406 691 2483 pervagantis
713 2408 837 2465 aethera

236 2488 322 2562 Quae
343 2509 405 2546 non
427 2489 541 2548 marina
562 2490 672 2567 templa
694 2491 941 2566 perscrutabitur,

236 2572 322 2646 Quae
343 2593 406 2632 non
424 2592 501 2651 vaga
520 2574 660 2634 lustrabit
681 2595 754 2632 arva
775 2575 929 2652 indagine.

233 2658 340 2716 Primo
363 2658 482 2732 quidem
503 2658 680 2736 Typhonios
704 2669 806 2718 cernet
827 2679 946 2734 specus,

233 2748 397 2819 Anumquc
417 2761 493 2802 saxo
516 2747 649 2803 membra
673 2743 809 2802 duratam
833 2761 955 2819 aspero,

234 2826 305 2887 Nec
326 2848 388 2886 non
407 2828 568 2888 Erembum
588 2829 723 2906 cognitas
748 2828 913 2904 piscatibus

233 2913 336 2989 Ripas
358 2913 495 2971 hiantes:
524 2924 612 2989 atque
635 2913 789 2972 adulterae
810 2912 954 2989 inclytum

235 2997 381 3074 Myrrhae
403 2998 518 3056 videbit
539 2999 691 3076 oppidum,
714 2999 800 3058 cuius
821 3005 936 3063 uterum

234 3083 365 3141 Levavit
387 3083 557 3142 obstetricis
579 3085 698 3143 arboris
719 3083 810 3142 liber:

235 3169 278 3226 Et
300 3167 370 3224 fleta
392 3167 517 3225 multum
541 3171 630 3228 busta
651 3167 800 3226 Gauantis
824 3184 895 3226 suae

235 3253 353 3324 Herae,
372 3251 530 3328 Hospitali
552 3254 686 3329 Vici[a]s
707 3254 800 3330 Iugae
819 3252 911 3308 deae:

235 3336 336 3410 Quem
355 3345 424 3394 trux
444 3337 559 3398 bisetus
583 3340 671 3397 dente
693 3357 768 3395 cano
789 3334 946 3395 conscidit.

234 3426 334 3481 Arcas
353 3422 469 3480 videbit
488 3442 544 3480 nec
567 3425 665 3482 minus
690 3421 871 3497 Cepheidas,

235 3506 306 3565 Nec
327 3525 390 3564 non
412 3505 530 3565 Camilli
548 3507 695 3567 lubricum
714 3506 834 3582 pulsum
857 3502 957 3579 pedis,

236 3596 376 3666 Arasque
397 3591 543 3666 duplices,
563 3612 638 3670 quas
662 3591 747 3668 dapis
772 3587 909 3666 cupidine

235 3677 337 3736 Bocas
358 3675 479 3749 subivit,
501 3695 555 3753 pro
581 3684 682 3754 parata
701 3675 817 3752 virgine
1015 3682 1019 3688 “

235 3761 353 3820 Hiante
374 3761 459 3818 fauce
482 3781 590 3839 corpus
610 3760 783 3837 Aurigenae
805 3774 929 3829 vorans,

236 3844 392 3905 Rimantis
415 3855 496 3920 exta,
517 3845 655 3919 masculi,
676 3844 893 3923 plumigradae.
