3000 4725
610 656 761 751 Q

236 816 289 881 ΛΓ.
310 814 354 881 Εί
372 841 407 881 σε
428 817 464 881 τύ
486 844 505 903 η
531 826 585 905 τῆς
609 827 664 905 σῆς
685 822 778 905 αἴσης
800 822 840 906 μὴ
862 824 988 906 πάμπαν
1009 821 1145 905 ἀρέσκει,

312 898 412 965 Είσιδ’
431 903 463 971 ἐς
538 928 574 969 ου
596 907 725 990 πότμον,
750 906 816 991 δσιρ
834 910 906 971 τεοῦ
925 906 987 969 ἐστὶ
1001 905 1143 991 χερείων..

235 986 292 1049 ΛΔ.
310 983 698 1097 Τοῖςδυνατοῖςέπιχείρει.
709 988 1144 1095 ἐρετμοῖςπλεῖνγάράμεινον

312 1070 392 1134 Θῖνα
410 1073 487 1156 παρ’
512 1076 698 1160 εἰναλιην,ἣ
724 1078 831 1157 λαίφει
852 1076 916 1159 ὅλῳ
935 1078 1119 1157 πελαγιζειν.

233 1150 289 1215 ΛΕ.
312 1154 367 1240 Μὴ
391 1156 506 1241 βούλου
528 1160 643 1229 ἀδίκως
664 1159 856 1245 ἐριδαινέμεν
881 1160 967 1242 ἀνδρὶ
990 1159 1108 1245 δικαίῳ.

314 1236 386 1303 Τῶν
409 1241 535 1325 ἀνόμων
556 1244 631 1313 θεὸς
649 1246 728 1309 ἐστὶν
753 1246 802 1307 ἀεὶ
822 1246 968 1327 τιμήορος
990 1243 1102 1326 όργῶν.

233 1318 283 1389 Ae·
311 1320 382 1385 Τῶν
397 1327 672 1413 σεύάτεμβύμενος
684 1332 848 1413 μὴποτνιῶ
867 1328 1057 1412 ἀγχνύμενος
1071 1332 1144 1411 κῆρ·

245 1454 250 1460 .
311 1404 416 1493 Χαῖρε
429 1410 602 1492 δὲμᾶλλον,
621 1413 693 1477 όταν
706 1412 772 1476 τινὰ
787 1414 888 1498 συμβη
908 1412 956 1473 σοὶ
970 1412 1144 1483 κτεατίζειν.

234 1483 289 1550 ΛΖ.
305 1489 458 1576 Ἀτλητυν
468 1497 585 1581 βλάβος
597 1498 670 1573 ἐστὶ,
679 1495 829 1582 τύχαιςτά
837 1496 934 1559 ἐνόντ’
946 1497 1145 1579 ἀποβάλλειν.

305 1572 410 1640 Ἔστιν
435 1579 466 1640 δ’
484 1579 559 1643 όίττα
582 1581 698 1666 φέρειν,
725 1582 807 1666 φιλο,
832 1582 881 1643 δεῖ
891 1580 1029 1663 τετληότι
1040 1580 1143 1666 θυμιβ.

234 1651 293 1718 ΛΗ.
309 1656 363 1744 Μή
385 1684 435 1724 σοι
459 1662 650 1747 ἐπαγγέλλοι)
672 1668 817 1751 μήκιστον
840 1664 938 1749 τέρμα
961 1666 1050 1750 βίοιο.

310 1742 441 1828 Σῶματι
461 1747 530 1830 γάρ,
545 1749 613 1813 σκιά
630 1751 684 1824 ιθς,
700 1752 806 1813 ἕπεται
821 1750 926 1833 μόρος,
936 1746 993 1833 γ’γχι
1012 1748 1144 1832 πορεύη.

234 1821 291 1886 ΛΘ.
305 1826 451 1893 Ἱλάσκου
474 1831 601 1899 θυέεσσι
623 1834 714 1897 θεόν·
741 1835 812 1896 λίπε
836 1833 953 1917 μόσχον
979 1832 1111 1917 ἀρότρῳ,

311 1911 406 1997 Μηδέ
428 1937 477 1996 μιν
499 1916 658 1999 εὐμενίσαι
683 1919 768 1982 δόκει
790 1919 894 2001 αίματι
910 1919 963 1981 καὶ
979 1918 1144 2001 σφαγίοισι.

233 1985 270 2052 Μ·
310 1994 387 2061 Είκε
407 2000 485 2084 τύχη
509 2002 650 2086 μάλαπερ
670 2003 893 2088 βεβλαμμένος,
916 2001 979 2064 εἶκε
999 2005 1145 2085 κραταιῷ.

305 2079 313 2105 ‘
371 2084 493 2169 βλάψας
513 2087 547 2148 τό
570 2092 690 2168 πρῶτον
715 2088 784 2173 ἔχοι
806 2089 880 2149 πάλι
900 2087 954 2149 καί
970 2109 1004 2148 σε
1027 2086 1145 2168 ὀνῆσαι.

234 2157 363 2231 ΜΑ.Ἢν
384 2169 414 2231 τί
433 2192 507 2232 ποτε
527 2170 667 2255 πταίσης,
689 2175 811 2239 πυκνῶς
835 2172 927 2233 ἐπίπλ
951 2171 999 2239 Εον
1030 2172 1143 2254 έαυτιβ.

312 2250 437 2337 Τραῦμ’
448 2253 499 2316 ότε
510 2254 548 2337 δὴ
557 2255 738 2339 θεραπεύετ’
753 2255 921 2323 ἀκυςπέλει
931 2254 1144 2337 αλγιυςάλγος.

291 2336 363 2422 ,Μὴ
389 2340 630 2421 καταγινώσκοιο
656 2341 768 2426 χρόνον
792 2340 868 2422 μετὰ
882 2343 997 2425 μακρόν
1012 2339 1144 2424 ἑταίρου.

312 2421 351 2488 Εἰ
365 2425 401 2486 δὲ
413 2422 678 2508 ἀμειψετρόπους,
698 2426 736 2489 τὰ
750 2429 848 2489 πάλαι
863 2425 1000 2509 μέμνασο
1019 2426 1131 2488 δίκαια.

235 2495 297 2565 ΜΓ.
312 2505 382 2572 Τῶν
404 2507 589 2591 εὐεργεσιῶν
613 2512 703 2594 χάριν
726 2510 803 2586 ἴσθ’,
825 2511 873 2572 ίνα
897 2512 1039 2594 φιλτερυς
1060 2508 1133 2591 εἴης.

311 2591 377 2656 Καὶ
400 2594 441 2677 μὴ
465 2594 481 2654 ό
497 2593 682 2677 θρυλληθεὶς
697 2596 880 2679 όλεσίχαρος
895 2595 987 2663 αύτδς
1000 2594 1145 2676 ἀκούσης.
1185 2605 1187 2610 ‘

264 2671 297 2734 Δ.
311 2675 442 2762 Μήποθ’
459 2677 593 2747 ύποπτος
617 2677 701 2762 ἔμεν,
723 2682 764 2763 μὴ
790 2681 928 2760 νωλεμὲς
949 2679 1056 2746 ἅθλιος
1073 2677 1145 2760 εἴης.

315 2761 438 2829 Δειλοῖς
465 2762 523 2846 γὰρ
547 2764 680 2832 θάνατος
700 2766 752 2827 καὶ
776 2765 997 2847 ύποπτευτῇσιν
1021 2761 1145 2844 ἄρηρεν.

236 2834 298 2903 ΜΕ.
312 2843 369 2914 Εἰς
391 2847 470 2915 ἰδίας
492 2848 602 2932 χρείας
623 2850 825 2931 ὠνησάμενος
846 2847 1047 2930 θεράποντας,

309 2930 515 3014 Ἀνθρῶπους
530 2932 668 3016 μέμνησο
685 2933 802 3008 πέλειν,
818 2931 949 2999 δούλους
960 2953 1016 3014 περ
1031 2927 1145 2997 ἔοντας.

237 3004 292 3077 Mc·
312 3015 431 3080 Αύτίκα
450 3021 505 3078 τοῦ
526 3020 649 3102 πρώτου
674 3022 784 3100 καιροῦ
809 3016 970 3100 μελέδαινε
985 3014 1145 3100 λαβέσθαι.

314 3097 370 3180 Μὴ
392 3101 467 3162 πάλι
492 3101 594 3184 δίζηαι
615 3123 683 3185 περ,
707 3101 727 3164 ἀ
750 3103 818 3185 πρὶν
843 3101 992 3184 ὀλίγωρος
1014 3101 1145 3184 ἀφῆκας.

238 3173 300 3242 ΜΖ.
315 3183 467 3268 Αἰφνιδίιρ
491 3185 600 3247 δειλῶν
624 3186 750 3270 θανάτῳ
775 3187 815 3269 μὴ
842 3183 951 3268 σφόδρ’
976 3184 1127 3266 ἐπίχαιρε.

313 3265 471 3351 Εύτυχέες
493 3271 671 3352 θνήσκουσι,
693 3269 771 3334 τέων
818 3269 861 3337 ίος
886 3267 962 3330 ἐστὶν
986 3269 1100 3336 ἀθῶος.

238 3341 305 3412 ΜΗ.
316 3350 355 3416 Εἰ
379 3351 560 3437 σύλλεκτρον
582 3351 674 3437 ἔχεις,
695 3354 744 3416 ίνα
763 3378 802 3436 μη
823 3376 872 3414 σοι
885 3353 922 3415 τὰ
933 3351 1034 3414 κτέατ’
1051 3350 1146 3436 ἔρβοι,

316 3434 475 3504 Καὶκλέος
485 3438 595 3501 ἐσθλὸν
604 3438 712 3500 ὄλοιτ’.
722 3437 833 3521 ἄφιλον
847 3438 935 3521 φιλον
947 3437 1011 3500 αἰὲν
1020 3437 1145 3500 ἀλεύοο.

239 3508 366 3584 ΜΘ.Ἦν
387 3542 463 3584 ποτε
485 3524 675 3606 πουλυμαθγῖ
689 3525 793 3607 συμβῇ
809 3521 921 3604 μελέτη
945 3523 979 3583 σὲ
991 3521 1146 3604 γενέσθαι,

318 3602 452 3668 Πλείονα
460 3606 594 3691 μάνθαν’.
604 3605 819 3690 ἀνηναοθαιδὲ
828 3607 936 3688 μαθεῖν
945 3629 972 3669 τι
984 3610 1145 3689 παραιτοῦ.

266 3730 273 3745 ·
310 3683 398 3754 Ὅττι
419 3694 549 3778 συνείρω
571 3690 629 3774 ἔπη
654 3694 796 3773 γυμνοῖσι
822 3690 950 3774 λόγοισι,
972 3689 1124 3773 τέθηπαςς

309 3768 389 3855 Ἥγε
412 3775 449 3857 δὴ
474 3777 618 3861 εύσταλίη
641 3778 765 3858 γνώμης
790 3777 864 3840 τάδε
890 3773 994 3840 σύνδυ’
1018 3773 1125 3836 ένωσε.

884 3949 920 4005 ¹7

637 4073 657 4124 0
