3000 4725
790 642 852 700 330

369 808 420 868 Ul.
463 810 505 868 At
525 828 581 885 ego
602 808 725 866 interim
745 810 888 886 praedico
904 805 1055 867 Teucrum
1073 810 1105 868 in
1122 817 1258 887 posterum

371 893 503 952 Tantum
526 900 665 971 paratum
688 912 791 953 amare
812 914 871 968 me,
892 902 1037 969 qnantum
1058 896 1185 953 oderam.

370 980 531 1055 Meamque
554 998 644 1056 opem
664 979 716 1038 isti
736 980 905 1038 funerando
929 980 1094 1053 conferam,

370 1065 471 1122 Meum
491 1063 644 1123 laborem:
670 1063 773 1139 nilque
794 1066 943 1137 omittam,
963 1066 1046 1139 quod
1064 1066 1138 1124 ,viris

294 1142 361 1197 1380
369 1149 533 1207 Praestare
557 1156 683 1208 cunctos
707 1149 834 1207 addecet
854 1150 1052 1209 fortissumis.

369 1234 445 1292 Teu.
490 1232 649 1293 Generosa
664 1233 790 1310 Ulysse,
816 1242 848 1292 et
868 1236 972 1293 omnia
992 1234 1068 1292 haec
1090 1234 1167 1292 dixti
1183 1235 1264 1307 bene,

368 1319 408 1377 Et
429 1319 530 1391 laude,
556 1337 727 1395 quanquam
747 1337 797 1376 me
818 1318 958 1379 fefellisti
980 1320 1058 1396 spei.

368 1402 449 1463 Nam
472 1405 523 1479 qui
546 1404 615 1462 huie
626 1404 776 1462 Achivum
790 1404 863 1461 olim
877 1405 1012 1462 omnium
1029 1404 1267 1475 inimicisenmns,

369 1489 477 1549 Iuvisti
499 1490 595 1546 amice
617 1490 703 1547 solus
727 1489 816 1561 hune,
837 1497 868 1546 et
885 1497 1006 1548 mortuo

295 1571 362 1625 1³85
373 1574 470 1632 Vivus
494 1574 606 1632 iacenti
626 1573 750 1632 noluisti
772 1574 912 1647 illudere,

372 1658 414 1719 Ut
433 1658 486 1716 ille
505 1677 611 1717 vecors
632 1659 811 1736 imperator,
836 1676 872 1717 ac
893 1659 986 1717 levis:

371 1745 455 1820 Ipse,
479 1743 613 1819 inquam,
633 1751 663 1801 et
683 1743 760 1801 alter
780 1744 884 1815 frater,
905 1743 991 1801 illurn
1013 1743 1124 1818 profici
1321 1733 1322 1808 l

373 1827 522 1889 Studuere
541 1828 736 1887 lacerandum
758 1828 956 1905 insepultum,
976 1827 1173 1886 inconditum.

372 1912 431 1987 Qui
452 1914 525 1972 illos
548 1913 673 1990 Olympi
695 1921 798 1971 rector
819 1913 909 1971 huius
931 1912 1066 1989 Iuppiter

294 1994 527 2074 139⁰Diraeque
549 2017 712 2069 memores,
734 2006 824 2072 atque
846 1999 958 2073 perfica
977 1997 1062 2069 ultio,

369 2082 581 2143 Lacerandum
604 2084 647 2140 uti
667 2083 759 2141 istum
781 2084 891 2159 proiici
913 2082 1064 2141 immerito
1085 2082 1184 2139 virum

372 2167 532 2239 Studuere,
556 2169 600 2225 ita
624 2186 730 2226 omnes
751 2168 895 2244 perduint
913 2168 1012 2226 malos
1034 2166 1126 2224 male.
1323 2141 1324 2216 l

372 2252 444 2325 Sed,
465 2274 484 2313 0
504 2271 659 2329 propagas
680 2253 764 2310 clara
784 2254 915 2310 Laertae
937 2253 1032 2324 senis,

370 2337 444 2398 Non
468 2337 589 2397 siverim
610 2345 638 2396 te
660 2337 751 2398 funus
775 2338 834 2398 hoc
854 2338 1041 2415 contingere,
1324 2345 1325 2403 l

295 2422 362 2476 1395
371 2424 414 2483 Ut
433 2423 544 2497 nequid
567 2424 649 2481 exim
669 2432 788 2482 mortuo
811 2424 880 2481 huic
903 2423 1053 2501 ingratiis.

371 2506 457 2581 Quod
479 2515 576 2584 potas,
599 2508 630 2565 in
654 2507 723 2568 aliis
747 2528 805 2567 nos
828 2510 908 2566 iuva.
939 2517 970 2566 et
990 2508 1017 2567 si
1038 2523 1128 2581 quem
1154 2502 1276 2562 exerciti

370 2593 528 2652 Abducere
552 2593 653 2652 animo
677 2602 734 2665 est,
759 2613 809 2652 me
829 2593 953 2651 lubente
975 2591 1096 2650 feceris.

370 2679 438 2756 Ego
462 2687 642 2755 apparatum
668 2687 790 2736 caetera
807 2679 870 2737 ibo.
894 2686 923 2736 te
944 2677 1064 2736 interim

370 2765 407 2823 In
432 2782 491 2822 nos
514 2763 612 2822 fuisse
634 2764 810 2822 memineris
834 2783 955 2821 munem
976 2763 1083 2822 virum.

296 2845 362 2898 14⁰⁰
371 2848 422 2909 Ul.
456 2848 556 2906 Velim
579 2849 709 2924 quidem.
732 2857 764 2906 at
786 2849 814 2907 si
835 2849 938 2906 munia
960 2849 1020 2909 istu
1040 2865 1088 2904 me
1106 2841 1221 2916 exequi

371 2933 442 2992 Tibi
463 2953 524 2993 non
546 2934 675 2990 amicum
698 2941 755 3006 est,
779 2932 871 2992 laudo
894 2934 1066 2992 consilinm.
1090 2927 1174 2986 vale.

371 3018 447 3077 Ten.
489 3017 552 3079 Sat.
575 3027 692 3093 tempus
714 3017 793 3075 enim
816 3019 876 3075 iam
897 3019 1020 3076 multum
1043 3017 1153 3094 agitur.

371 3102 434 3164 Sed
457 3104 570 3162 fossam
593 3121 676 3180 pare,
695 3103 748 3175 ite,
773 3121 917 3178 capacem

371 3189 541 3264 Properate
561 3207 667 3246 manu:
690 3206 761 3264 pars
786 3188 883 3264 trip'es
905 3195 1004 3246 antem

370 3273 413 3330 Et
430 3273 612 3332 ‘lustralibus
632 3273 722 3331 undis
745 3272 881 3348 tepidum

372 3357 482 3415 Ponite
501 3358 634 3416 labrum:
657 3377 728 3434 pare
748 3377 811 3414 una
832 3357 923 3417 domo

373 3442 490 3499 Efferat
511 3443 593 3502 intus
616 3444 682 3501 duri
705 3441 841 3519 insignia

373 3531 466 3585 Arma
487 3526 589 3584 duelli.
754 3527 756 3539 '

374 3611 436 3673 Sed
457 3619 499 3682 tu,
522 3620 664 3685 quantum
686 3620 789 3688 potes,
812 3610 890 3668 alme
911 3628 998 3686 puer,

371 3697 496 3755 Patrios
519 3704 602 3754 artus
621 3713 735 3754 meeum
760 3695 930 3771 amplexus,

372 3781 500 3854 Attolle,
522 3781 599 3838 leva.
623 3799 751 3855 namque
773 3780 889 3838 cruoris

374 3866 519 3928 Salientis
543 3865 640 3923 adhuc
661 3865 757 3941 tepidi
780 3864 860 3922 tullii
