3000 4725
750 642 899 737 „⁹1-

365 810 514 883 Dousius‚
535 812 651 888 accepit
673 829 748 889 gens
769 830 789 868 n
806 830 864 887 quo
886 811 1002 869 Dousiu
1024 828 1147 886 nomen,

407 896 448 955 Et
469 914 557 973 gens,
581 904 610 953 ot
631 898 742 955 veteris
763 897 863 973 gentis
884 896 966 954 avitu
987 896 1106 956 domus.

366 980 481 1041 Cuncta
503 981 607 1059 favent
625 981 771 1053 lacrimis,
792 982 952 1055 sociosque
972 982 1004 1038 iu
1026 982 1125 1042 tristia
1148 992 1252 1045 nostro

409 1064 612 1125 contribuunt
631 1066 719 1125 fletus
736 1067 874 1123 foemina
894 1066 999 1141 virque
1021 1084 1105 1126 suos.

365 1151 405 1212 Et
426 1150 534 1224 quibus
558 1152 718 1210 exstiteras
738 1151 821 1209 vultu
842 1149 890 1208 vel
912 1152 1035 1209 nomine
1057 1161 1160 1227 notus,

409 1235 560 1295 Omnibus
578 1236 720 1313 indiguus
742 1236 893 1293 contrahit
912 1254 967 1294 oro
983 1236 1076 1313 rigor.

364 1321 423 1379 Ille
446 1321 539 1379 refert
561 1321 641 1379 culto
665 1320 766 1397 larges
789 1320 819 1378 iu
842 1328 966 1395 pectore
988 1321 1087 1380 dotes.

407 1404 498 1463 Hunc
519 1406 615 1482 tangit
636 1406 785 1481 probitas,
805 1412 837 1461 'et
862 1405 928 1465 sine
950 1405 1018 1463 lohe
1039 1405 1126 1467 fides.

364 1490 498 1549 Exactos
523 1490 599 1549 alius
622 1506 773 1567 generoso
796 1490 916 1566 pumice
938 1509 1056 1562 versus,

406 1574 493 1633 Alter
515 1576 669 1633 convictus
694 1574 794 1632 dulcia
815 1576 950 1633 membru
968 1576 1020 1633 tui.

365 1658 507 1736 Quotque
530 1661 573 1717 tui
595 1660 693 1717 meriti
714 1668 816 1736 partes
839 1661 871 1717 in
890 1668 992 1717 mente
1011 1662 1149 1735 revolvit,

408 1744 472 1803 Tot
493 1744 565 1803 iusti
591 1762 698 1804 causas
716 1745 769 1802 ille
790 1744 899 1803 doloris
922 1746 1021 1803 hebet.

364 1832 424 1889 Ast
443 1848 498 1907 ego
519 1837 677 1889 convertor
699 1829 793 1888 iacies
813 1829 951 1889 diversus
975 1829 1007 1887 in
1027 1849 1146 1904 omues,

408 1914 496 1983 Unde
520 1914 579 1972 urei
598 1915 707 1973 dubius
728 1914 870 1972 carminis
894 1932 965 1973 orso
984 1923 1097 1991 petam,

363 1999 445 2059 Dum
468 1990 538 2073 quot
555 1999 696 2057 virtutum
715 1999 807 2057 fuerit
825 1999 881 2057 tibi
904 2001 1002 2075 copia,
1026 2018 1141 2077 promo,

407 2082 486 2157 Quot
504 2084 628 2156 fuerint,
651 2085 682 2141 in
705 2092 735 2141 te
762 2102 840 2161 quae
861 2085 962 2142 coiere
981 2086 1071 2143 bono.

364 2168 447 2227 Hinc
468 2188 517 2226 me
536 2168 687 2241 nobilitas,
708 2169 778 2227 hino
796 2186 845 2226 me
866 2177 926 2241 tut,
950 2186 1067 2228 summe
1087 2170 1229 2240 virorum,

406 2253 524 2325 Virtus,
550 2262 580 2311 et
597 2254 746 2329 probitas,
770 2262 800 2314 et
820 2254 873 2331 pio
891 2254 953 2312 vito
972 2256 1060 2332 repit.

364 2336 445 2398 Nam
469 2338 523 2396 tibi
546 2354 622 2413 qnae
641 2338 772 2398 sublimo
792 2356 890 2417 genus
914 2348 1019 2400 nemra
1042 2346 1158 2412 creato,

407 2423 492 2482 Haec
513 2423 618 2482 eodem
641 2442 743 2484 mores
763 2425 978 2502 ingeniumque
1001 2426 1093 2483 dedit.

364 2512 424 2570 Ast
443 2527 637 2584 quaecuuque
660 2511 765 2568 domus
791 2510 883 2567 fuerit
900 2511 953 2568 iux
975 2527 1084 2588 magna
1104 2510 1220 2578 bane,

407 2592 526 2670 Ingenii
544 2595 662 2653 dociles
685 2613 743 2653 non
766 2602 867 2653 tomen
889 2604 998 2670 nequet
1020 2613 1106 2672 opes.

364 2677 422 2738 Est
442 2678 565 2753 aliquid,
587 2679 687 2738 fateor
694 2701 702 2751 ;
726 2680 824 2738 clarae
845 2697 922 2754 quoe
944 2681 1043 2758 gentis
1065 2681 1103 2738 ab
1128 2686 1196 2736 ortu

407 2763 505 2824 Missa
522 2782 578 2842 per
595 2766 770 2823 innumeros
792 2764 890 2842 glon‘a
906 2765 1003 2843 fulget
1024 2783 1107 2838 avon,

350 2849 405 2908 Et
425 2849 513 2908 nitidi
536 2851 659 2927 generis
679 2851 789 2909 seriem
810 2850 958 2908 deducere
978 2852 1101 2928 longam

408 2935 437 2992 A
458 2935 575 3012 mugnis
599 2943 666 2994 orta
687 2934 847 2994 nobilitato
868 2935 954 2994 viris·

365 3018 427 3081 Sed
446 3021 543 3078 maior
563 3020 630 3078 laus
652 3028 702 3078 est
721 3019 818 3078 titulis
838 3038 856 3076 o
879 3027 980 3078 monte
1002 3019 1107 3096 petitis

406 3102 480 3162 Non
500 3105 600 3165 sinere
620 3104 776 3182 ingenium
799 3103 903 3181 stirpis
928 3106 1047 3164 bonore
1065 3103 1172 3182 premi.

365 3187 414 3246 Tu
437 3208 554 3266 quoque
578 3207 669 3266 quum
691 3206 804 3266 posses
826 3191 945 3248 censeri
969 3190 1058 3248 lande
1083 3198 1215 3259 tuntum,

405 3277 553 3334 Auctorcs
577 3275 698 3352 generis
721 3291 799 3349 quos
820 3282 891 3334 tuus
913 3283 998 3336 omns
1019 3276 1120 3347 babet,

364 3355 415 3416 Ne
437 3365 487 3415 tuo
508 3378 566 3436 per
585 3376 711 3437 segnem
733 3367 902 3419 metuerent
921 3369 1060 3438 tempora
1080 3361 1184 3431 vitum,

410 3439 544 3502 Sacrasti
562 3443 672 3503 Aoniis
695 3444 758 3504 otis
775 3451 843 3502 tutu
858 3445 969 3504 choris.
1043 3442 1046 3445 ’

366 3526 454 3588 Tunc
474 3525 618 3586 Cirrhaee
638 3547 695 3588 suo
717 3536 879 3606 putuerunt
897 3531 982 3607 orgia
1003 3531 1076 3602 voti,

407 3611 448 3670 Et
466 3612 521 3670 tibi
541 3613 584 3670 'dc
607 3612 696 3672 viridi
714 3614 794 3672 lecto
812 3631 925 3674 corcus
942 3616 1024 3693 iugo.

365 3696 469 3756 Prima
487 3697 543 3756 tibi
564 3699 646 3756 incili
667 3698 776 3758 ludens
796 3697 904 3778 Elegio
924 3700 1048 3758 invento

407 3781 511 3841 Dictat
531 3782 563 3840 in
586 3783 718 3843 alternos
741 3785 834 3842 verbs
852 3792 958 3842 coactu
975 3785 1087 3861 podest

365 3866 405 3925 Et
426 3868 482 3926 tibi
504 3867 667 3928 subiiciens
688 3868 809 3928 blandis
828 3869 969 3928 incendio
985 3868 1115 3928 flammis
