3000 4725
736 624 888 719 ..E-

582 793 609 851 l.
653 794 692 850 Ic
706 796 834 853 'eundem
853 792 1053 869 Epitaphium.
1105 824 1107 826 >

357 877 422 938 Cur
442 879 497 936 hoc
515 877 642 935 Henrici
664 888 734 937 sunt
755 877 875 937 condita
894 878 1014 935 viscera
1034 878 1145 948 bust03

401 965 460 1022 Ast
479 964 531 1020 alii
554 963 648 1021 cessit
672 982 783 1040 corpus
805 956 896 1021 inane
920 962 1007 1021 solo?

356 1048 428 1109 Una
448 1048 552 1106 domus
573 1055 664 1105 totam
687 1067 777 1123 quarn
802 1067 861 1105 non
884 1047 966 1123 capit
987 1048 1062 1105 orbe
1083 1045 1214 1118 ruinam,

399 1132 468 1192 Uno
491 1148 554 1191 non
574 1134 672 1210 potuit
693 1133 789 1191 limite
808 1140 874 1191 tota
897 1132 975 1207 capi.

359 1302 388 1359 5.
433 1302 606 1377 Epicadium
627 1302 750 1361 Lodcici
774 1301 908 1361 castanei
923 1301 1043 1375 Equitis
1066 1302 1154 1375 Torq.
1178 1301 1273 1378 Regii.

358 1385 477 1445 Tristes
499 1388 656 1463 exequias,
678 1388 807 1446 miseris
829 1386 981 1463 surgentis
1003 1386 1124 1461 Ephebi

359 1468 439 1547 Spes
458 1472 645 1549 'interceptas
669 1473 699 1529 in
722 1474 820 1549 primo
842 1473 917 1529 flore
936 1470 1086 1540 iuventae,

358 1554 520 1615 Defleram.
544 1557 678 1615 nondum
700 1557 773 1615 coiit
795 1556 958 1615 manifesta
977 1556 1110 1613 cicatrix.

358 1640 511 1701 Funestos
529 1642 637 1699 iterum
657 1660 812 1714 numeros,
836 1650 866 1699 et
886 1641 971 1699 triste
994 1640 1106 1699 doloris

357 1725 518 1785 Poscimur
542 1728 684 1785 officium.
712 1728 870 1786 Lacrimas
892 1726 1096 1802 impendimus
1119 1726 1209 1783 orbo:

357 1808 498 1870 Extincto
521 1813 625 1870 demus
647 1812 799 1870 lacrimas.
817 1811 992 1869 Durissima
1011 1811 1080 1867 iura

357 1895 513 1968 Fatorum,
536 1897 606 1955 ludo
624 1898 758 1955 nondum
782 1898 893 1955 satiata
914 1903 1047 1966 cruento,

357 1980 464 2053 Estne,
486 1982 567 2057 quod
586 1982 617 2037 in
641 1982 739 2041 claras
759 1981 944 2058 praelustria
965 1980 1096 2038 culmina
1119 1980 1210 2039 sedes

358 2063 432 2123 Non
451 2066 541 2123 liceat
563 2067 662 2138 vobis,
685 2068 711 2125 si
732 2086 789 2123 nec
811 2067 919 2124 domus
942 2084 1003 2121 una
1023 2072 1072 2123 sat
1092 2083 1155 2123 uno

357 2149 506 2226 Fungitur
523 2150 635 2209 exitio?
658 2151 762 2209 Testis
783 2161 931 2225 natusque
952 2158 1113 2226 paterque:

357 2235 455 2292 Marte
473 2236 559 2311 prior
580 2244 680 2309 natus,
704 2236 802 2294 morbi
823 2243 909 2311 pater
933 2236 1058 2293 obrutus
1077 2243 1175 2307 aestu,

359 2318 475 2379 Ordine
498 2321 618 2379 turbato
637 2321 701 2379 nati
723 2340 826 2380 comes
848 2319 967 2378 additus
987 2319 1113 2378 umbris.

359 2403 411 2464 Sic
430 2411 525 2464 tortus
545 2406 653 2481 rapido
677 2413 836 2465 ventorum
857 2407 977 2464 turbine
996 2413 1106 2463 vortex

358 2490 511 2548 Arboreos
531 2491 661 2566 primum
683 2508 795 2563 remos,
824 2499 854 2548 et
876 2490 980 2548 matris
1004 2504 1119 2566 opacae

359 2571 485 2633 Summa
504 2575 582 2651 petit
606 2577 771 2653 stringens,
792 2595 864 2634 mox
885 2575 985 2651 ipsam
1008 2594 1028 2631 a
1041 2574 1190 2650 stirpibus
1200 2572 1270 2632 imis

357 2657 484 2731 Evertit,
508 2667 661 2735 totamque
681 2661 812 2719 advolvit
832 2660 983 2718 montibus
1005 2675 1119 2716 ornum.

359 2743 446 2818 Quae
467 2745 552 2821 prius
574 2746 682 2803 insano
702 2765 841 2822 rumpam
864 2743 1002 2802 convicia
1020 2744 1165 2822 planctu?

359 2828 440 2903 Quid
460 2831 587 2905 querar?
609 2831 688 2889 unde
712 2847 781 2888 meo
805 2843 949 2905 quaestus
971 2847 1006 2886 ec
1026 2828 1235 2887 verba.dclori

360 2912 539 2973 Sufficiam?
559 2924 660 2992 stupet
680 2907 748 2974 ecce
772 2936 848 2973 novo
868 2933 955 2972 mens
977 2915 1078 2972 obsita
1097 2915 1191 2987 luctu,

356 2997 434 3070 Nec,
454 3001 524 3075 quid
547 3009 675 3077 promat,
697 3002 799 3072 habet,
821 2993 892 3057 duni
905 3007 1002 3057 semet
1016 2999 1047 3057 in
1059 3000 1161 3057 omnia
1173 2995 1268 3057 vertit.

358 3081 482 3142 Scilicet
506 3085 644 3144 effabor?
665 3086 759 3144 tantis
780 3086 838 3144 sim
859 3084 991 3142 luctibus
1012 3084 1120 3161 impar.
1216 3110 1219 3116 ·

357 3166 492 3226 Vulnera
509 3169 717 3228 dissimulem?
738 3170 862 3240 misero,
882 3171 1081 3244 quodcunque
1101 3177 1217 3227 tacetur

356 3253 466 3311 Acrius
489 3255 611 3313 insidit:
630 3255 772 3328 luctuque
796 3273 944 3328 expressa
966 3254 1090 3329 querela

356 3335 494 3396 Infantes
516 3340 630 3414 promit
647 3339 788 3417 gemitus,
812 3357 847 3396 ac
869 3355 1023 3397 murmura
1043 3348 1158 3396 trunca.

356 3421 460 3498 Ipsae,
483 3442 559 3498 quae
580 3432 701 3483 nostros
724 3424 834 3484 solitae
856 3424 988 3482 mulcere
1011 3424 1142 3496 labores,
1175 3468 1177 3473 .

356 3506 405 3565 Ad
428 3525 503 3580 quas
526 3509 695 3586 perfugium
718 3509 800 3568 duris
822 3509 853 3566 in
871 3510 963 3568 rebus
984 3510 1144 3581 habebam,

355 3591 549 3649 Praeduxere
572 3593 662 3651 situm
686 3594 875 3670 squalentem
898 3613 934 3650 ac
954 3594 1059 3652 nubila
1078 3593 1185 3665 menti,

356 3675 424 3735 Nec
443 3695 512 3734 mea
532 3688 713 3752 responsant
734 3680 842 3738 faciles
865 3679 904 3736 ad
923 3688 997 3736 vota
1018 3678 1183 3737 Camenae.

357 3759 495 3838 Septima
514 3762 575 3818 iam
598 3764 696 3822 reficit
716 3765 855 3822 Lunares
877 3765 975 3822 orbita
996 3763 1143 3839 cursus[,]

356 3844 431 3905 Cum
454 3847 537 3904 dirae
560 3848 663 3907 mortis
684 3849 820 3925 trepidas
842 3848 915 3905 mibi
938 3849 1066 3907 nuncius
1087 3865 1177 3906 aures
