3000 4725
607 625 762 722 ,χι-ε-

244 790 388 863 Κώνωτος
409 791 526 878 ἐλέφας
547 789 643 861 Ἰνδὸς
665 791 723 856 οόκ
744 790 925 872 ἀλεγίζεται.

243 874 418 963 Κωρότερός
439 876 530 952 ἐστιν,
554 876 573 959 ή
595 871 777 963 Τορωναῖος
799 876 899 959 λιμήν.

243 963 341 1046 Λαβὼν
364 961 482 1029 ἀπόδος
503 960 648 1045 ἄνθρωπε
669 962 720 1026 καὶ
745 960 830 1044 λήψη
854 960 956 1022 πάλιν.

242 1047 323 1128 Λαγὼ
345 1047 410 1130 βίον
436 1049 491 1129 ζής
515 1046 531 1108 ό
552 1046 620 1128 πρὶν
642 1045 778 1130 ἄτρομος
799 1042 889 1106 λέων.

242 1132 342 1194 Λαλεῖν
364 1130 500 1214 ἄριστος,
523 1129 759 1202 ἀδυνατώτατος
781 1127 892 1210 λέγειν.

241 1213 335 1297 Λέγειν
360 1215 415 1298 μὲν
439 1213 577 1300 αἰσχρόν,
601 1216 651 1278 καὶ
676 1217 832 1296 σιωπῆσαι
852 1212 940 1297 βαρό.

240 1300 329 1383 Λεπτή
350 1322 395 1368 τις
411 1299 499 1367 ἐλπὶς
522 1297 584 1362 ἔστ’
611 1299 662 1382 ἐρ’
686 1299 724 1382 ἧς
745 1297 918 1382 ὀχούμεθα.

240 1384 346 1452 Λευκὸς
362 1381 551 1468 Ἀφροδίτης
573 1385 635 1468 εἰμὶ
655 1384 713 1467 γὰρ
735 1381 923 1466 περιστερός.

240 1469 354 1532 Λευκῶν
378 1467 437 1551 γὰρ
460 1466 551 1530 οὐδὲν
573 1467 699 1553 ὄφελος,
719 1468 748 1531 εἰ
774 1468 815 1550 μή
840 1466 1046 1546 σκυτοτομεῖν.

240 1552 448 1637 Λεωτρεφίδου
472 1552 640 1637 λεπτότερα
662 1552 713 1616 καὶ
737 1550 959 1635 Θαυμαντιθος.

240 1637 304 1699 Λίαν
328 1639 428 1722 φιλῶν
451 1634 579 1702 σεαυτόν
605 1638 666 1722 οὐχ
689 1637 767 1706 ἕξεις
786 1637 885 1719 φιλον.

239 1721 324 1789 Λίθος
343 1719 564 1804 κυλινδόμενός
583 1745 618 1805 γε
667 1727 738 1790 ῦκος
764 1720 801 1782 οὐ
825 1723 918 1783 ποιεῖ.

239 1806 327 1888 Λιμὴν
349 1805 480 1890 ἀτυχίας
502 1805 581 1868 ἐστίν
608 1745 786 1889 ἀνθρώποις
806 1804 910 1889 τέχνη.

239 1889 318 1974 Λιμηῖ
337 1889 397 1975 γὰρ
421 1889 511 1952 οὐδὲν
534 1888 612 1953 ἔστιν
637 1891 787 1953 ἀντειπεῖν
811 1887 894 1956 ἔπος.

238 1972 339 2056 Λόγοις
362 1973 495 2059 ἀμείβου
519 1975 570 2038 τόν
593 1973 695 2057 λόγοις
713 1974 862 2037 πείθοντά
885 1994 927 2037 σε.

238 2056 327 2142 Λόγος
347 2060 406 2143 γάρ
430 2058 493 2121 ἐστι
513 2059 675 2144 φάρμακον
700 2059 799 2142 λόπης
820 2056 924 2142 μόνον.

238 2141 348 2226 Λόγους
370 2143 410 2226 γὰ
446 2139 649 2228 Ἑρμόδωρος
672 2143 888 2228 ἐμπορεύεται.

238 2225 319 2313 Λόγιρ
340 2226 375 2312 μ’
399 2165 524 2295 gretan<
550 2229 703 2337 φαρμάκτρ
727 2229 910 2314 σοφωτάτῳ.

238 2310 324 2376 Λυδοὶ
344 2312 486 2397 πονηροὶ,
511 2311 688 2461 δεότεχοιδ
723 2311 895 2397 Λίγόπτιοι,

274 2398 367 2482 τρίτοι
392 2398 427 2461 δὲ
452 2399 573 2461 πάντων
627 2402 699 2481 ᾶρες
722 2397 935 2469 ἐξωλέστατοι.

238 2479 380 2567 Λυχνεῖον
406 2482 592 2565 ἐκζητοῦμεν
620 2482 755 2568 ἅψαντες
775 2482 899 2569 λόχνον.

238 2561 357 2648 Μαγάδι
377 2568 505 2649 λαλήσω
531 2568 636 2650 μικρὸν
658 2567 724 2649 ἅμα
745 2568 794 2630 σοὶ
814 2571 866 2631 καὶ
889 2566 977 2648 μέγα.

238 2649 382 2715 Μαλέαδε
403 2652 527 2736 κάμψας
552 2651 702 2714 ἐπιλάθου
725 2658 786 2714 τῶν
812 2651 929 2716 οἴκαδε.

238 2732 347 2803 Μάντις
365 2734 396 2817 γ’
423 2734 555 2818 ἄριστος,
577 2736 658 2805 ὅστις
681 2738 796 2807 εἰκάζει
817 2739 931 2804 καλῶς.

238 2816 465 2902 Μοιρυανδυνῶν
490 2819 628 2903 μέμνησο
650 2821 875 2905 θρηνητηρίων.

238 2900 357 2966 Μάταια
378 2902 406 2966 τ’
430 2903 511 2967 ἄλλα
531 2905 616 2988 παρὰ
640 2902 792 2989 Κρότωνα
810 2905 837 2966 τ’
863 2904 967 2968 ἄστεα.

238 2984 331 3050 Μέλει
349 2987 407 3072 γὰρ
430 2988 537 3071 ἧσσον,
558 2990 577 3071 ή
602 2992 756 3074 χελώναις
774 2996 835 3052 τῶν
862 2991 968 3072 μυιῶν.

238 3068 320 3134 Μετὰ
344 3071 401 3155 γὰρ
424 3072 596 3137 νοσούντων
619 3076 727 3137 καὶτὸ
753 3074 918 3157 μαίνεσθαι
939 3067 1045 3133 καλόν.

238 3151 396 3239 Μετῆλθεν
418 3158 438 3240 ή
458 3156 575 3240 ’Λμαία
597 3163 650 3241 τήν
673 3157 831 3242 ’Λζησίακ

238 3235 285 3323 Μή
310 3263 363 3325 μοι
383 3242 451 3303 ποτ’
475 3238 581 3326 ἔλθης,
603 3243 674 3306 όταν
697 3244 759 3325 ἐγὼ
779 3244 901 3326 πράττω
919 3242 1032 3307 καλῶς.

239 3320 285 3407 Μὴ
308 3327 549 3410 μνησικακήσῃς,
576 3327 659 3390 εἰσὶν
684 3328 792 3410 Φυλήν
815 3326 994 3409 κατέλαβες.

239 3404 287 3491 Μὴ
309 3411 386 3493 πρὸς
407 3410 518 3473 λέοντα
541 3412 653 3496 δορκολς
677 3413 798 3521 όίιρομαι
821 3413 931 3497 μάχης.

239 3488 287 3575 Μὴ
311 3493 452 3557 οόντονον
476 3496 579 3572 δίωκε,
603 3498 672 3581 μήτ’
697 3496 858 3579 ανειμένην

279 3576 355 3640 ἰαστὶ
379 3583 509 3661 μοῦσαν,
531 3581 611 3644 ἀλλὰ
633 3581 687 3643 τὰν
710 3580 807 3664 μέσαν
828 3580 918 3643 νέων.

240 3655 288 3743 Μή
312 3660 343 3723 θ’
364 3660 403 3725 αὖ
427 3664 571 3773 ἀγροίκου
595 3666 724 3749 ῥήτορος
745 3664 943 3749 καταφρόνει.

270 3744 288 3828 ὴ
315 3750 418 3830 μεῖζον
442 3773 521 3813 εστω
545 3755 598 3813 τοῦ
622 3753 699 3817 νεὼς
720 3752 755 3813 τὸ
778 3750 913 3835 φορτίον.
1047 3750 1145 3832 [τῆςί]

241 3822 289 3912 Μή
310 3831 436 3915 τούμὸν,
461 3834 541 3898 ἀλλὰ
560 3835 611 3898 καὶ
635 3835 669 3897 τὸ
693 3834 745 3897 σὸν
769 3837 867 3920 φῦλον
893 3833 1009 3899 σκόπει.
