3000 4725
645 596 795 691 *aa*

488 784 554 824 mae
570 764 722 843 Ripeoeria
742 767 883 841 suffimen,
905 776 1031 823 ataroco.
1121 764 1178 824 lt-

527 851 557 907 la
578 859 609 908 te
630 850 739 928 legifer
761 850 859 909 incolo
878 849 1001 922 Brume,

569 954 682 993 numen
700 934 896 994 memorabile
917 932 1025 1007 Consi,

598 1042 632 1093 rr,
652 1021 775 1099 Regina
796 1020 920 1093 indicta,
942 1019 1058 1097 virago,

641 1125 658 1161 e
680 1106 867 1177 bimembris,
888 1104 1012 1177 Libera,
1031 1104 1154 1165 Bruma.

669 1190 697 1247 1ο
718 1190 844 1249 laetaris
868 1190 975 1261 odoro,

706 1297 726 1333 η
750 1284 846 1333 matre
867 1293 979 1332 arcana
997 1270 1057 1351 agi'
1080 1292 1178 1348 sacra,

762 1380 829 1418 cum
851 1360 962 1418 Martia
981 1376 1120 1418 amoena.

772 1446 855 1504 bula
877 1445 1004 1520 campis,

726 1538 813 1589 neus
832 1530 916 1589 Iside
936 1537 1052 1601 saneta,

647 1635 709 1688 tus,
732 1615 772 1673 ad
793 1615 875 1672 alma
893 1616 1008 1672 fluenta
1030 1613 1178 1672 Melonis:

602 1702 640 1757 ob
664 1718 763 1759 rerum
785 1700 920 1775 praemia
942 1707 1056 1759 sancta.

453 1872 668 1944 1'empert'aram
689 1869 830 1941 suffimen,
853 1878 997 1926 oromate.
1139 1869 1178 1927 42

384 1970 456 2025 ⁴rae,
476 1953 560 2012 Iovis
585 1962 615 2010 et
633 1952 737 2010 Iuritie
758 1961 864 2011 sancte
882 1972 1042 2030 propages,

317 2055 365 2093 ea
385 2037 447 2110 lex,
468 2046 498 2095 et
519 2038 578 2109 fas,
603 2045 633 2095 et
654 2056 716 2113 pax
739 2037 889 2095 ditissima
906 2057 1016 2110 rerum,

271 2122 396 2195 ternae,
419 2123 603 2199 gramineae,
624 2140 778 2199 puraeque
799 2131 830 2180 et
850 2123 1083 2194 multivirentes,

264 2206 493 2279 Omnieolores,
517 2208 751 2266 suavehalantes
775 2208 882 2283 spiritu
904 2228 1045 2281 amoeno,

264 2291 448 2368 Temperiae
468 2292 593 2366 virides,
616 2300 781 2367 vertentes,
804 2302 834 2351 et
856 2294 1030 2370 speciosae:

262 2377 369 2436 Pallas
391 2377 515 2436 indutae
542 2380 631 2438 sertis
656 2380 839 2455 pubentibus
862 2389 960 2456 aptas,

264 2461 443 2540 Congerrae
458 2463 673 2539 Proserpinae,
703 2465 754 2522 ubi
777 2484 842 2521 eam
865 2461 1046 2524 solemnibu’
1066 2465 1182 2522 Parcae

264 2545 424 2607 Statieulis
444 2548 505 2604 luci
527 2557 669 2606 revocant
691 2555 721 2604 et
744 2548 870 2607 Gratiae
892 2558 1030 2607 ovantes.

262 2630 387 2691 Diiovia
406 2633 551 2707 imperiis,
578 2643 607 2690 et
624 2633 732 2693 Matris
754 2633 968 2706 opioonsivae3

263 2717 335 2776 Huc
354 2718 443 2776 mites
465 2719 503 2776 ad
526 2736 613 2775 saera
633 2718 684 2793 pia
704 2716 875 2776 instaurata
895 2718 1009 2788 venite,

263 2802 422 2862 Ducentos
444 2803 595 2862 foecunda
617 2802 819 2878 propagmina
833 2809 1055 2878 tempestatum.

510 2971 640 3028 Semelae
659 2973 801 3046 suffimen,
823 2982 951 3031 atarneo.
1141 2971 1182 3028 43

229 3122 234 3130 ,
263 3055 365 3113 Elicio
388 3073 505 3129 pusam,
532 3063 709 3132 prognatam
731 3055 867 3132 principe
889 3053 1017 3126 Cadmo,

262 3139 439 3198 Formosam
463 3138 627 3213 Semelam,
649 3142 830 3213 cincinnum,
850 3141 1089 3214 vestifluamque,

262 3225 305 3284 Et
329 3232 454 3282 matrem
477 3225 582 3282 Brumi
600 3226 765 3298 laetabilis,
790 3234 821 3283 et
839 3225 970 3283 fenrlati.

262 3309 406 3368 Fulmina
430 3328 507 3383 quae
531 3328 616 3368 sacro
639 3311 753 3368 foetum
774 3319 986 3368 exterraneum
1008 3307 1119 3387 abegit,

224 3411 229 3423 ·
262 3394 411 3454 Aeternis
433 3394 510 3452 Iovi'
533 3395 680 3456 consultis
705 3396 796 3452 enixa
818 3395 935 3472 puella:

264 3479 365 3554 Quam
387 3479 511 3555 dignata
536 3480 620 3556 gravi
644 3489 692 3538 est
714 3481 828 3539 florens
850 3479 1039 3555 Proserpina
1059 3480 1185 3551 honore,

262 3565 352 3622 Inter
376 3564 521 3622 mortales
546 3565 635 3622 trima
657 3564 696 3621 ad
720 3565 845 3623 comitia
864 3565 953 3624 fusti:

264 3649 400 3725 Quando
424 3650 467 3706 tui
486 3647 592 3706 Bromi
613 3650 749 3707 referunt
769 3649 935 3727 genitabile
954 3667 1088 3727 germen,

262 3733 450 3794 Anclabram
475 3751 605 3809 sacram,
627 3743 658 3794 et
677 3753 778 3792 rerum
801 3734 881 3792 haud
899 3727 1186 3808 arcanaprofnnda.

264 3819 313 3878 Te
336 3819 405 3877 Dea
425 3818 549 3892 patritia
570 3822 708 3878 obtestor
731 3827 798 3877 sata
818 3820 954 3897 principe
984 3815 1112 3889 Cadmo,
