3000 4725
711 670 748 729 21

273 836 380 893 inflata
402 837 496 893 verba
514 856 580 893 rore
603 856 660 895 non
683 840 828 898 Achaico.
879 842 1002 920 [Verpa‘l.
1017 846 1104 903 catal.
1113 844 1142 918 7,
1152 846 1182 921 l]

273 919 390 980 Stolide
412 920 512 979 faceta
532 921 614 979 ducit
637 924 715 981 huno
731 926 888 984 vernilitate

271 1006 408 1083 Linguae
429 1005 574 1082 elegantis
594 1026 755 1085 perperam
774 1011 921 1070 affectans
942 1012 1032 1073 sales.

269 1091 356 1150 Alius
371 1090 513 1164 loquendi
528 1092 620 1168 figere
638 1094 762 1170 ignarus
781 1096 900 1152 modum
935 1098 1182 1174 [Doazapcterl]

271 1176 447 1235 Orationem
470 1176 600 1233 admittit
621 1188 709 1236 extra
726 1181 883 1254 terminos,

271 1262 368 1336 Quem
392 1280 452 1317 non
475 1261 602 1319 habenis
625 1261 731 1324 Circus
756 1264 861 1323 effusis
880 1265 971 1341 capit.

271 1347 322 1405 Sic
342 1344 493 1403 incolendi
515 1346 616 1423 perdit
638 1368 759 1407 omnem
782 1350 909 1427 gratiam

269 1432 304 1489 Iu
324 1431 485 1488 laxitatem
506 1432 585 1490 ruris
606 1451 769 1495 excurrens
793 1435 912 1493 domus.
987 1436 1100 1512 [Scaea.
1109 1438 1139 1496 ll.
1148 1436 1182 1514 9]

271 1516 408 1575 Offendit
429 1515 505 1575 alios
527 1516 660 1592 planitas
683 1520 862 1594 aequabilis,
1036 1522 1182 1601 [Lipsiae]

271 1602 369 1676 Quam
393 1598 510 1659 Caesar
529 1600 611 1675 olim,
638 1622 728 1677 qnam
747 1604 865 1663 colebat
883 1603 1020 1677 Tulline;

271 1685 459 1744 Constrictae
479 1686 511 1743 in
532 1694 644 1745 arctum
665 1691 866 1763 quesierant
885 1690 1031 1767 argutiae,

271 1772 357 1846 Quae
379 1790 436 1846 per
456 1770 592 1830 salebras
613 1774 760 1846 saltitant,
781 1794 840 1832 non
863 1775 1031 1847 ambulant3

269 1856 317 1928 Et,
340 1856 413 1913 dnm
434 1855 565 1932 legentis
588 1858 692 1916 haeret
714 1860 913 1935 exspectatio,

268 1940 514 2017 intelligendum,
536 1959 625 2015 quarn
646 1944 818 2021 legendum,
836 1944 906 2021 plus
921 1945 1030 2003 ferunt.
1067 1945 1182 2021 [Scaea.

310 2026 400 2100 Quae
423 2024 553 2082 delicata
575 2028 638 2084 vult
659 2030 770 2086 morari
791 2029 917 2102 lumina,
1109 2032 1139 2091 ll.
1152 2034 1182 2109 ί]

268 2111 306 2168 Et
320 2111 461 2185 linquere
477 2110 597 2184 animis,
613 2114 691 2187 qnod
708 2121 880 2191 reportetur
897 2116 1030 2195 domum,
1101 2188 1105 2195 .

270 2194 315 2255 Sit
337 2194 523 2266 succulenta,
545 2215 604 2255 non
627 2198 722 2256 obesa
745 2201 852 2273 oratio,

269 2280 412 2351 Illustris,
434 2288 515 2356 apta,
539 2282 663 2354 nobilis,
684 2302 754 2343 sese
774 2285 903 2343 efferens

269 2365 337 2424 Non
356 2365 436 2423 mole
459 2367 570 2439 carnis,
594 2369 648 2427 sed
672 2370 781 2429 torosis
801 2374 934 2430 artubus.

270 2450 423 2511 Sermonis
444 2451 504 2510 ista
527 2453 654 2526 sanitas,
675 2462 708 2511 ut
731 2457 879 2532 corporis;

269 2536 340 2595 Non
362 2555 440 2594 sana
460 2543 576 2595 tantum
597 2541 743 2611 membra,
767 2561 869 2599 verum
894 2541 1017 2599 alacria.

270 2619 314 2681 Sit
334 2640 496 2680 aureorum
521 2622 588 2680 luce
610 2625 769 2682 verborum
790 2626 856 2699 lita,

270 2705 316 2766 Sit
336 2712 458 2781 compta
476 2708 579 2766 nativa
597 2709 712 2781 indole,
735 2718 766 2767 et
787 2730 849 2769 non
873 2712 1030 2787 squalidae

267 2792 467 2866 Antiquitatis
489 2793 628 2851 obsoleta
652 2795 804 2853 sordibus.

270 2875 320 2936 Sic
343 2878 578 2950 annotaverim,
602 2887 718 2937 constet
735 2889 769 2936 ut
790 2879 899 2938 similia
913 2881 988 2938 sibi.

269 2959 383 3020 Similis
406 2961 465 3020 sibi
485 2963 528 3021 sic
551 2972 678 3036 constet,
701 2973 733 3022 ut
750 2965 834 3022 varie
855 2965 945 3022 iuvet.

270 3047 366 3121 Quem
388 3046 485 3121 pascit
505 3049 623 3106 avidum
647 3051 775 3108 masculi
797 3069 904 3108 succus
924 3049 997 3122 atili,

268 3129 397 3209 Semper
416 3138 536 3189 recente
557 3134 693 3209 postulet
710 3136 795 3193 refici
818 3136 906 3211 dape.

268 3216 307 3273 Et
326 3217 479 3275 audiendo
503 3218 550 3274 vel
573 3219 700 3296 legendo
721 3221 838 3293 frivola,

269 3299 405 3360 Conviva
427 3309 570 3378 tanquam
592 3304 733 3381 languido
755 3305 913 3363 stomacho
935 3306 1082 3380 oscitans,

270 3382 301 3443 Si
324 3387 368 3444 nil
390 3387 537 3444 iacentem
561 3391 745 3447 recreaverit
765 3391 887 3461 famem,

268 3467 374 3529 Risum
397 3471 428 3529 in
452 3472 644 3547 quibusdam,
668 3494 808 3533 somnum
827 3475 858 3532 in
883 3475 951 3533 aliie
971 3474 1024 3533 vix
1046 3480 1138 3531 tenet.

286 3639 350 3698 Hoc
368 3658 481 3699 carruca
501 3643 670 3716 inscriptam
688 3653 730 3700 eat
749 3643 825 3700 Allo
846 3646 1010 3702 Amicorum
1025 3645 1159 3702 Danielis

483 3727 604 3796 Heraea,
628 3745 691 3784 eum
713 3729 765 3785 hoc
789 3729 967 3787 tetraata'eto:

270 3805 351 3866 Haec
370 3809 478 3869 melius
495 3809 595 3869 fuerat
617 3812 750 3870 tenebris
771 3812 913 3871 damnata
933 3812 1026 3884 sileri,

308 3893 347 3952 ut
368 3895 467 3953 maius
488 3897 617 3972 pretium
642 3897 836 3956 dissimulare
854 3898 947 3956 foretz
