3000 4725
169 811 170 858 ἶ
283 815 337 878 Sat
357 817 440 888 iacit,
461 816 584 874 illorum
608 818 636 876 si
658 816 834 875 meminisse
856 821 963 891 potest.

322 914 346 962 E
363 913 457 963 laetula
478 926 585 974 surgens
605 911 648 962 111
665 913 723 962 Kal.
742 914 799 963 lan.
818 910 911 960 Iuliani
939 907 1014 961 1602.

242 1068 289 1127 25.
333 1068 450 1127 Danant
470 1071 587 1126 doetiss.
608 1071 735 1127 anotoris
759 1067 915 1125 Scaeuolae
934 1064 1152 1125 Sammartlsani

242 1154 288 1211 Da
309 1153 404 1212 Gallis
422 1154 567 1211 Doctrina
592 1154 751 1211 illustribus
780 1154 839 1209 Ios.
866 1149 998 1227 Scaliger
1022 1150 1151 1207 donabat

169 1251 170 1258 ’
451 1238 572 1295 Danieli
590 1238 711 1296 Heinsio
735 1240 778 1295 bis
796 1238 939 1295 naahas:

169 1337 170 1344 ’
244 1320 306 1382 Sibi
327 1323 387 1381 hoe
408 1323 551 1381 volumen
574 1341 593 1378 a
613 1331 706 1399 poeta
728 1320 878 1382 Scaevola

243 1408 368 1466 Missum
390 1415 501 1483 poetae
524 1406 661 1484 Scaliger
684 1408 736 1465 dat
758 1406 899 1465 Heinsio.

245 1576 291 1635 26.
327 1576 448 1634 Danieli
468 1577 589 1635 Heinmo
610 1580 774 1653 gramarum
794 1580 868 1635 actio
892 1593 949 1651 pro
973 1575 1153 1632 dedicatione

600 1660 667 1721 Silii
688 1663 797 1720 Italici.

603 1758 646 1806 Ex
666 1766 781 1820 tempore

246 1823 328 1897 Quod
350 1835 451 1885 vester
472 1835 578 1885 nostro
601 1830 657 1886 snb
682 1828 803 1885 nomine
825 1824 931 1896 Silius,
953 1822 1074 1893 Heinsi,

281 1911 441 1987 Purpureo
463 1920 570 1988 gentes
592 1913 705 1971 lumine
726 1912 824 1970 cultus
845 1910 922 1978 adit;

245 1996 307 2054 Neo
327 2015 377 2053 me
399 1997 458 2054 hoc
478 1997 637 2070 duntaxat,
662 2016 722 2072 qno
745 2015 868 2054 menon
890 1995 1008 2071 dignor,
1023 1992 1152 2061 honore,

285 2080 347 2141 Sed
366 2081 532 2141 devinxiati
554 2091 676 2157 postera
697 2083 780 2139 secla
799 2082 864 2139 tibi.

247 2166 330 2239 Quod
349 2165 446 2224 solum
467 2185 607 2243 possum,
631 2168 703 2243 quia
722 2186 771 2225 me
793 2166 848 2224 tibi
871 2165 965 2224 debeo
986 2167 1090 2230 totum,

282 2253 331 2310 Me
354 2258 451 2309 totum
468 2271 566 2310 voveo
585 2265 706 2329 tempus
725 2252 758 2309 in
780 2270 870 2309 omne
895 2250 960 2307 tibi.

168 2378 169 2384 1
248 2333 303 2396 Sed
319 2354 397 2412 quas
416 2336 589 2410 debueram,
609 2356 708 2414 neque
728 2356 857 2414 possum
878 2335 998 2395 solvere
1020 2338 1134 2406 grates,

281 2425 309 2481 A
325 2422 379 2480 tibi
402 2421 542 2480 devincta
561 2423 744 2482 Posteritate
762 2423 854 2480 feras.

428 2591 478 2648 27.
522 2592 570 2648 Da
589 2592 717 2650 Henrioo
737 2591 816 2666 Rogo
838 2600 960 2649 servato.

245 2673 365 2752 Duplex
387 2683 527 2751 potestas
545 2676 606 2734 ista
627 2677 756 2734 fatorum
781 2677 848 2746 fuit,

245 2759 339 2818 Gallia
360 2760 455 2819 saluti
478 2761 560 2836 quod
583 2761 674 2833 foret,
693 2760 792 2819 Gallis
814 2760 896 2830 dare,

245 2843 370 2905 Servare
390 2844 490 2904 Gallia
510 2846 592 2920 quod
613 2845 748 2904 dedisset
771 2844 927 2921 optimum.

540 3014 590 3073 28.
636 3018 675 3072 In
702 3015 851 3074 Veronam.

246 3098 347 3157 Ocella
373 3098 488 3170 mundi,
510 3099 593 3158 sidus
617 3099 686 3156 Itali
707 3099 795 3170 caeli,

246 3184 309 3243 Flos
329 3183 461 3254 urbium,
481 3184 551 3257 flos,
574 3184 787 3260 corculumque
808 3201 1011 3256 amoenorum,

246 3267 321 3341 Quot
345 3276 426 3340 sunt,
447 3276 584 3340 eruntne,
603 3277 678 3343 quot
697 3269 793 3342 fuere,
817 3269 941 3326 Verona

246 3353 354 3413 Brenni
377 3353 547 3430 smaragde,
570 3355 777 3429 transpadana
798 3353 924 3429 berylle,

247 3436 400 3498 Gallorum
421 3439 529 3514 iaspis,
552 3438 714 3515 margarite
736 3438 869 3496 Benaci:

247 3527 331 3600 Apex
354 3541 515 3599 supremus
536 3524 707 3599 elegantiae
726 3542 838 3594 rerum,

247 3607 281 3666 a
301 3616 382 3666 meta
405 3601 534 3680 summa,
556 3608 761 3682 daedalaeque
784 3617 918 3664 naturae.

248 3692 339 3765 Quam
358 3692 461 3752 fronte
485 3712 583 3770 prona
602 3693 797 3767 faucibusque
820 3689 982 3751 submissis

249 3777 341 3838 Urbes
363 3777 501 3851 adorent,
525 3786 556 3836 et
575 3779 715 3836 lubenter
737 3785 902 3854 agnoscant

251 3859 380 3921 Sublime
402 3863 571 3922 maiestatis
594 3863 706 3920 arduae
727 3862 840 3934 lumen,
