<?xml version="1.0" encoding="UTF-8"?>
<!DOCTYPE html PUBLIC "-//W3C//DTD XHTML 1.0 Transitional//EN"
    "http://www.w3.org/TR/xhtml1/DTD/xhtml1-transitional.dtd">
<html xmlns="http://www.w3.org/1999/xhtml" xml:lang="en" lang="en">
 <head>
  <title>
</title>
<meta http-equiv="Content-Type" content="text/html;charset=utf-8" />
  <meta name='ocr-system' content='tesseract 3.04.00' />
  <meta name='ocr-capabilities' content='ocr_page ocr_carea ocr_par ocr_line ocrx_word'/>
</head>
<body>
  <div class='ocr_page' id='page_1' title='image "./iosephiscaliger00scalgoog_0069.png"; bbox 0 0 3000 4725; ppageno 0'>
   <div class='ocr_carea' id='block_1_1' title="bbox 673 655 713 716">
    <p class='ocr_par' dir='ltr' id='par_1_1' title="bbox 673 655 713 716">
     <span class='ocr_line' id='line_1_1' title="bbox 673 655 713 716; baseline -0.025 0"><span class='ocrx_word' id='word_1_1' title='bbox 673 655 713 716; x_wconf 79' lang='lat' dir='ltr'><strong>ot</strong></span> 
     </span>
    </p>
   </div>
   <div class='ocr_carea' id='block_1_2' title="bbox 194 822 1154 3788">
    <p class='ocr_par' dir='ltr' id='par_1_2' title="bbox 242 822 1131 1241">
     <span class='ocr_line' id='line_1_2' title="bbox 249 822 1129 903; baseline 0.006 -21"><span class='ocrx_word' id='word_1_2' title='bbox 249 823 289 882; x_wconf 88' lang='lat' dir='ltr'><strong>Tu</strong></span> <span class='ocrx_word' id='word_1_3' title='bbox 309 832 410 882; x_wconf 75' lang='lat' dir='ltr'><strong>contro</strong></span> <span class='ocrx_word' id='word_1_4' title='bbox 427 824 588 899; x_wconf 85' lang='lat' dir='ltr'><strong>(horresco</strong></span> <span class='ocrx_word' id='word_1_5' title='bbox 612 822 800 901; x_wconf 72' lang='lat' dir='ltr'><strong>memorans)</strong></span> <span class='ocrx_word' id='word_1_6' title='bbox 820 824 869 883; x_wconf 89' lang='lat' dir='ltr'><strong>hic</strong></span> <span class='ocrx_word' id='word_1_7' title='bbox 890 824 958 883; x_wconf 83' lang='lat' dir='ltr'><strong>iuro</strong></span> <span class='ocrx_word' id='word_1_8' title='bbox 978 824 1129 903; x_wconf 81' lang='lat' dir='ltr'><strong>fidemque</strong></span> 
     </span>
     <span class='ocr_line' id='line_1_3' title="bbox 247 907 1116 985; baseline 0.005 -18"><span class='ocrx_word' id='word_1_9' title='bbox 247 907 369 981; x_wconf 81' lang='lat' dir='ltr'><strong>Cslootu,</strong></span> <span class='ocrx_word' id='word_1_10' title='bbox 394 908 444 966; x_wconf 92' lang='lat' dir='ltr'><strong>hic</strong></span> <span class='ocrx_word' id='word_1_11' title='bbox 464 908 581 985; x_wconf 76' lang='lat' dir='ltr'><strong>petrice</strong></span> <span class='ocrx_word' id='word_1_12' title='bbox 605 927 781 969; x_wconf 85' lang='lat' dir='ltr'><strong>conversum</strong></span> <span class='ocrx_word' id='word_1_13' title='bbox 802 908 834 966; x_wconf 90' lang='lat' dir='ltr'><strong>iu</strong></span> <span class='ocrx_word' id='word_1_14' title='bbox 856 908 975 969; x_wconf 73' lang='lat' dir='ltr'><strong>viscere</strong></span> <span class='ocrx_word' id='word_1_15' title='bbox 992 909 1116 985; x_wconf 81' lang='lat' dir='ltr'><strong>ferrum,</strong></span> 
     </span>
     <span class='ocr_line' id='line_1_4' title="bbox 246 990 1131 1074; baseline 0.008 -23"><span class='ocrx_word' id='word_1_16' title='bbox 246 994 332 1069; x_wconf 80' lang='lat' dir='ltr'><strong>(Proh</strong></span> <span class='ocrx_word' id='word_1_17' title='bbox 353 990 463 1072; x_wconf 84' lang='lat' dir='ltr'><strong>pudor)</strong></span> <span class='ocrx_word' id='word_1_18' title='bbox 486 992 646 1070; x_wconf 79' lang='lat' dir='ltr'><strong>Hispanos</strong></span> <span class='ocrx_word' id='word_1_19' title='bbox 669 994 806 1054; x_wconf 90' lang='lat' dir='ltr'><strong>dominos</strong></span> <span class='ocrx_word' id='word_1_20' title='bbox 824 992 856 1051; x_wconf 90' lang='lat' dir='ltr'><strong>iu</strong></span> <span class='ocrx_word' id='word_1_21' title='bbox 878 1001 959 1053; x_wconf 78' lang='lat' dir='ltr'><strong>tectu</strong></span> <span class='ocrx_word' id='word_1_22' title='bbox 978 1006 1131 1074; x_wconf 86' lang='lat' dir='ltr'><strong>receptos,</strong></span> 
     </span>
     <span class='ocr_line' id='line_1_5' title="bbox 242 1076 1040 1154; baseline 0.001 -17"><span class='ocrx_word' id='word_1_23' title='bbox 242 1080 364 1137; x_wconf 83' lang='lat' dir='ltr'><strong>Mututos</strong></span> <span class='ocrx_word' id='word_1_24' title='bbox 389 1076 545 1137; x_wconf 80' lang='lat' dir='ltr'>Gallorum</span> <span class='ocrx_word' id='word_1_25' title='bbox 568 1078 695 1152; x_wconf 78' lang='lat' dir='ltr'><strong>animos,</strong></span> <span class='ocrx_word' id='word_1_26' title='bbox 720 1088 749 1137; x_wconf 90' lang='lat' dir='ltr'><strong>et</strong></span> <span class='ocrx_word' id='word_1_27' title='bbox 772 1078 876 1137; x_wconf 71' lang='lat' dir='ltr'><strong>saeclo</strong></span> <span class='ocrx_word' id='word_1_28' title='bbox 895 1088 1040 1154; x_wconf 81' lang='lat' dir='ltr'><strong>nepotum</strong></span> 
     </span>
     <span class='ocr_line' id='line_1_6' title="bbox 243 1162 1049 1241; baseline 0.005 -20"><span class='ocrx_word' id='word_1_29' title='bbox 243 1162 449 1241; x_wconf 82' lang='lat' dir='ltr'><strong>Degenerasse</strong></span> <span class='ocrx_word' id='word_1_30' title='bbox 472 1164 568 1221; x_wconf 84' lang='lat' dir='ltr'><strong>refers</strong></span> <span class='ocrx_word' id='word_1_31' title='bbox 593 1163 732 1223; x_wconf 82' lang='lat' dir='ltr'><strong>virtutem</strong></span> <span class='ocrx_word' id='word_1_32' title='bbox 757 1162 853 1222; x_wconf 79' lang='lat' dir='ltr'><strong>oblitu</strong></span> <span class='ocrx_word' id='word_1_33' title='bbox 874 1172 1049 1240; x_wconf 73' lang='lat' dir='ltr'><strong>parentums</strong></span> 
     </span>
    </p>

    <p class='ocr_par' dir='ltr' id='par_1_3' title="bbox 237 1247 1120 1919">
     <span class='ocr_line' id='line_1_7' title="bbox 242 1247 1014 1327; baseline 0.001 -21"><span class='ocrx_word' id='word_1_34' title='bbox 242 1250 283 1307; x_wconf 78' lang='lat' dir='ltr'><strong>Ao</strong></span> <span class='ocrx_word' id='word_1_35' title='bbox 302 1256 331 1305; x_wconf 88' lang='lat' dir='ltr'><strong>te</strong></span> <span class='ocrx_word' id='word_1_36' title='bbox 349 1247 500 1318; x_wconf 77' lang='lat' dir='ltr'><strong>inchoem,</strong></span> <span class='ocrx_word' id='word_1_37' title='bbox 525 1249 572 1305; x_wconf 90' lang='lat' dir='ltr'><strong>oui</strong></span> <span class='ocrx_word' id='word_1_38' title='bbox 597 1248 734 1326; x_wconf 83' lang='lat' dir='ltr'><strong>contigit,</strong></span> <span class='ocrx_word' id='word_1_39' title='bbox 756 1248 816 1307; x_wconf 84' lang='lat' dir='ltr'><strong>ists</strong></span> <span class='ocrx_word' id='word_1_40' title='bbox 838 1248 1014 1327; x_wconf 73' lang='lat' dir='ltr'><strong>priusquam</strong></span> 
     </span>
     <span class='ocr_line' id='line_1_8' title="bbox 240 1331 1022 1410; baseline 0.004 -19"><span class='ocrx_word' id='word_1_41' title='bbox 240 1332 370 1410; x_wconf 76' lang='lat' dir='ltr'>Longius</span> <span class='ocrx_word' id='word_1_42' title='bbox 390 1332 420 1389; x_wconf 87' lang='lat' dir='ltr'><strong>iu</strong></span> <span class='ocrx_word' id='word_1_43' title='bbox 444 1332 573 1392; x_wconf 86' lang='lat' dir='ltr'><strong>miseros</strong></span> <span class='ocrx_word' id='word_1_44' title='bbox 596 1340 721 1409; x_wconf 81' lang='lat' dir='ltr'><strong>serpent</strong></span> <span class='ocrx_word' id='word_1_45' title='bbox 744 1333 883 1410; x_wconf 75' lang='lat' dir='ltr'><strong>contegis</strong></span> <span class='ocrx_word' id='word_1_46' title='bbox 904 1331 1022 1407; x_wconf 78' lang='lat' dir='ltr'><strong>Gallos,</strong></span> 
     </span>
     <span class='ocr_line' id='line_1_9' title="bbox 242 1417 1092 1495; baseline 0.004 -18"><span class='ocrx_word' id='word_1_47' title='bbox 242 1418 414 1495; x_wconf 87' lang='lat' dir='ltr'><strong>Oppetiisse</strong></span> <span class='ocrx_word' id='word_1_48' title='bbox 437 1425 539 1476; x_wconf 80' lang='lat' dir='ltr'><strong>tomen</strong></span> <span class='ocrx_word' id='word_1_49' title='bbox 560 1418 720 1493; x_wconf 78' lang='lat' dir='ltr'><strong>pulchram</strong></span> <span class='ocrx_word' id='word_1_50' title='bbox 734 1437 791 1495; x_wconf 88' lang='lat' dir='ltr'><strong>per</strong></span> <span class='ocrx_word' id='word_1_51' title='bbox 812 1417 939 1478; x_wconf 78' lang='lat' dir='ltr'><strong>vulnere</strong></span> <span class='ocrx_word' id='word_1_52' title='bbox 957 1428 1092 1480; x_wconf 88' lang='lat' dir='ltr'><strong>mortem.</strong></span> 
     </span>
     <span class='ocr_line' id='line_1_10' title="bbox 240 1502 1088 1578; baseline 0.007 -17"><span class='ocrx_word' id='word_1_53' title='bbox 240 1502 373 1577; x_wconf 87' lang='lat' dir='ltr'><strong>Denique</strong></span> <span class='ocrx_word' id='word_1_54' title='bbox 398 1509 427 1559; x_wconf 86' lang='lat' dir='ltr'><strong>et</strong></span> <span class='ocrx_word' id='word_1_55' title='bbox 449 1502 505 1559; x_wconf 92' lang='lat' dir='ltr'><strong>hoc</strong></span> <span class='ocrx_word' id='word_1_56' title='bbox 527 1502 648 1575; x_wconf 83' lang='lat' dir='ltr'><strong>melius,</strong></span> <span class='ocrx_word' id='word_1_57' title='bbox 670 1522 759 1578; x_wconf 79' lang='lat' dir='ltr'><strong>quum</strong></span> <span class='ocrx_word' id='word_1_58' title='bbox 781 1503 808 1563; x_wconf 91' lang='lat' dir='ltr'><strong>si</strong></span> <span class='ocrx_word' id='word_1_59' title='bbox 827 1509 857 1560; x_wconf 89' lang='lat' dir='ltr'><strong>te</strong></span> <span class='ocrx_word' id='word_1_60' title='bbox 879 1502 978 1561; x_wconf 77' lang='lat' dir='ltr'><strong>lurida</strong></span> <span class='ocrx_word' id='word_1_61' title='bbox 1001 1506 1088 1567; x_wconf 80' lang='lat' dir='ltr'><strong>tubes</strong></span> 
     </span>
     <span class='ocr_line' id='line_1_11' title="bbox 239 1587 1043 1664; baseline 0.002 -18"><span class='ocrx_word' id='word_1_62' title='bbox 239 1587 387 1663; x_wconf 78' lang='lat' dir='ltr'><strong>Devotum</strong></span> <span class='ocrx_word' id='word_1_63' title='bbox 408 1588 517 1645; x_wconf 92' lang='lat' dir='ltr'><strong>morbo</strong></span> <span class='ocrx_word' id='word_1_64' title='bbox 542 1596 643 1664; x_wconf 75' lang='lat' dir='ltr'><strong>ceput,</strong></span> <span class='ocrx_word' id='word_1_65' title='bbox 667 1596 697 1645; x_wconf 86' lang='lat' dir='ltr'><strong>et</strong></span> <span class='ocrx_word' id='word_1_66' title='bbox 720 1588 787 1647; x_wconf 88' lang='lat' dir='ltr'><strong>sine</strong></span> <span class='ocrx_word' id='word_1_67' title='bbox 812 1588 933 1646; x_wconf 88' lang='lat' dir='ltr'><strong>nomine</strong></span> <span class='ocrx_word' id='word_1_68' title='bbox 952 1588 1043 1648; x_wconf 86' lang='lat' dir='ltr'><strong>funus</strong></span> 
     </span>
     <span class='ocr_line' id='line_1_12' title="bbox 239 1660 998 1747; baseline -0.004 -15"><span class='ocrx_word' id='word_1_69' title='bbox 239 1674 410 1732; x_wconf 87' lang='lat' dir='ltr'><strong>Absumset.</strong></span> <span class='ocrx_word' id='word_1_70' title='bbox 434 1671 555 1745; x_wconf 83' lang='lat' dir='ltr'><strong>melius,</strong></span> <span class='ocrx_word' id='word_1_71' title='bbox 574 1690 663 1747; x_wconf 84' lang='lat' dir='ltr'><strong>quum</strong></span> <span class='ocrx_word' id='word_1_72' title='bbox 687 1673 714 1731; x_wconf 91' lang='lat' dir='ltr'><strong>si</strong></span> <span class='ocrx_word' id='word_1_73' title='bbox 738 1660 768 1731; x_wconf 72' lang='lat' dir='ltr'><strong>le</strong></span> <span class='ocrx_word' id='word_1_74' title='bbox 789 1672 923 1747; x_wconf 76' lang='lat' dir='ltr'><strong>caespite</strong></span> <span class='ocrx_word' id='word_1_75' title='bbox 945 1671 998 1729; x_wconf 88' lang='lat' dir='ltr'><strong>vili</strong></span> 
     </span>
     <span class='ocr_line' id='line_1_13' title="bbox 240 1756 1120 1835; baseline -0.001 -17"><span class='ocrx_word' id='word_1_76' title='bbox 240 1756 435 1835; x_wconf 87' lang='lat' dir='ltr'><strong>Suppositum</strong></span> <span class='ocrx_word' id='word_1_77' title='bbox 456 1756 571 1815; x_wconf 86' lang='lat' dir='ltr'><strong>velsret</strong></span> <span class='ocrx_word' id='word_1_78' title='bbox 593 1757 701 1815; x_wconf 89' lang='lat' dir='ltr'><strong>humus</strong></span> <span class='ocrx_word' id='word_1_79' title='bbox 724 1757 900 1835; x_wconf 78' lang='lat' dir='ltr'><strong>peregrino:</strong></span> <span class='ocrx_word' id='word_1_80' title='bbox 920 1774 1018 1831; x_wconf 88' lang='lat' dir='ltr'><strong>neque</strong></span> <span class='ocrx_word' id='word_1_81' title='bbox 1038 1758 1120 1817; x_wconf 91' lang='lat' dir='ltr'><strong>ullus</strong></span> 
     </span>
     <span class='ocr_line' id='line_1_14' title="bbox 237 1842 1023 1919; baseline -0.003 -18"><span class='ocrx_word' id='word_1_82' title='bbox 237 1843 379 1919; x_wconf 82' lang='lat' dir='ltr'><strong>Exequiis</strong></span> <span class='ocrx_word' id='word_1_83' title='bbox 403 1842 521 1918; x_wconf 76' lang='lat' dir='ltr'><strong>patriae</strong></span> <span class='ocrx_word' id='word_1_84' title='bbox 542 1842 732 1919; x_wconf 78' lang='lat' dir='ltr'><strong>contingeret</strong></span> <span class='ocrx_word' id='word_1_85' title='bbox 755 1843 881 1900; x_wconf 79' lang='lat' dir='ltr'><strong>haustus</strong></span> <span class='ocrx_word' id='word_1_86' title='bbox 901 1860 1023 1914; x_wconf 75' lang='lat' dir='ltr'><strong>urenae,</strong></span> 
     </span>
    </p>

    <p class='ocr_par' dir='ltr' id='par_1_4' title="bbox 237 1925 1074 2003">
     <span class='ocr_line' id='line_1_15' title="bbox 237 1925 1074 2003; baseline 0 -16"><span class='ocrx_word' id='word_1_87' title='bbox 237 1931 295 1988; x_wconf 81' lang='lat' dir='ltr'><strong>Aut</strong></span> <span class='ocrx_word' id='word_1_88' title='bbox 315 1926 461 1999; x_wconf 57' lang='lat' dir='ltr'><strong>tumulus</strong></span> <span class='ocrx_word' id='word_1_89' title='bbox 481 1927 597 1985; x_wconf 88' lang='lat' dir='ltr'><strong>tumulo</strong></span> <span class='ocrx_word' id='word_1_90' title='bbox 624 1934 654 1985; x_wconf 92' lang='lat' dir='ltr'><strong>et</strong></span> <span class='ocrx_word' id='word_1_91' title='bbox 671 1926 723 1985; x_wconf 91' lang='lat' dir='ltr'><strong>leti</strong></span> <span class='ocrx_word' id='word_1_92' title='bbox 746 1925 942 2003; x_wconf 70' lang='lat' dir='ltr'><strong>superaddito</strong></span> <span class='ocrx_word' id='word_1_93' title='bbox 963 1945 1074 1987; x_wconf 73' lang='lat' dir='ltr'><strong>caussa</strong></span> 
     </span>
    </p>

    <p class='ocr_par' dir='ltr' id='par_1_5' title="bbox 236 2010 1041 2087">
     <span class='ocr_line' id='line_1_16' title="bbox 236 2010 1041 2087; baseline 0 -16"><span class='ocrx_word' id='word_1_94' title='bbox 236 2013 275 2071; x_wconf 82' lang='lat' dir='ltr'><strong>Et</strong></span> <span class='ocrx_word' id='word_1_95' title='bbox 294 2013 398 2084; x_wconf 82' lang='lat' dir='ltr'><strong>funus,</strong></span> <span class='ocrx_word' id='word_1_96' title='bbox 420 2010 471 2087; x_wconf 90' lang='lat' dir='ltr'><strong>qui</strong></span> <span class='ocrx_word' id='word_1_97' title='bbox 495 2011 577 2071; x_wconf 89' lang='lat' dir='ltr'><strong>solus</strong></span> <span class='ocrx_word' id='word_1_98' title='bbox 600 2012 700 2071; x_wconf 86' lang='lat' dir='ltr'><strong>honos</strong></span> <span class='ocrx_word' id='word_1_99' title='bbox 724 2019 772 2071; x_wconf 83' lang='lat' dir='ltr'><strong>set</strong></span> <span class='ocrx_word' id='word_1_100' title='bbox 793 2011 909 2070; x_wconf 86' lang='lat' dir='ltr'><strong>lumine</strong></span> <span class='ocrx_word' id='word_1_101' title='bbox 930 2011 1041 2071; x_wconf 76' lang='lat' dir='ltr'><strong>cessis.</strong></span> 
     </span>
    </p>

    <p class='ocr_par' dir='ltr' id='par_1_6' title="bbox 235 2095 1152 2673">
     <span class='ocr_line' id='line_1_17' title="bbox 237 2095 994 2174; baseline -0.001 -19"><span class='ocrx_word' id='word_1_102' title='bbox 237 2098 282 2155; x_wconf 92' lang='lat' dir='ltr'><strong>Tu</strong></span> <span class='ocrx_word' id='word_1_103' title='bbox 300 2095 451 2171; x_wconf 82' lang='lat' dir='ltr'><strong>loqueris:</strong></span> <span class='ocrx_word' id='word_1_104' title='bbox 474 2097 583 2155; x_wconf 78' lang='lat' dir='ltr'><strong>tacitus</strong></span> <span class='ocrx_word' id='word_1_105' title='bbox 608 2097 768 2174; x_wconf 88' lang='lat' dir='ltr'><strong>suspensis</strong></span> <span class='ocrx_word' id='word_1_106' title='bbox 793 2097 917 2156; x_wconf 76' lang='lat' dir='ltr'><strong>nuribus</strong></span> <span class='ocrx_word' id='word_1_107' title='bbox 939 2097 994 2154; x_wconf 78' lang='lat' dir='ltr'><strong>ille</strong></span> 
     </span>
     <span class='ocr_line' id='line_1_18' title="bbox 237 2181 1039 2242; baseline -0.001 0"><span class='ocrx_word' id='word_1_108' title='bbox 237 2182 411 2242; x_wconf 79' lang='lat' dir='ltr'>Conventus</span> <span class='ocrx_word' id='word_1_109' title='bbox 434 2181 512 2241; x_wconf 80' lang='lat' dir='ltr'>bibit</span> <span class='ocrx_word' id='word_1_110' title='bbox 532 2181 685 2241; x_wconf 83' lang='lat' dir='ltr'>Heroum:</span> <span class='ocrx_word' id='word_1_111' title='bbox 707 2200 766 2240; x_wconf 88' lang='lat' dir='ltr'><strong>nec</strong></span> <span class='ocrx_word' id='word_1_112' title='bbox 786 2182 847 2239; x_wconf 84' lang='lat' dir='ltr'><strong>ism</strong></span> <span class='ocrx_word' id='word_1_113' title='bbox 868 2190 921 2240; x_wconf 77' lang='lat' dir='ltr'><strong>tus</strong></span> <span class='ocrx_word' id='word_1_114' title='bbox 943 2182 1039 2241; x_wconf 87' lang='lat' dir='ltr'><strong>sentis</strong></span> 
     </span>
     <span class='ocr_line' id='line_1_19' title="bbox 236 2266 1093 2345; baseline 0.005 -20"><span class='ocrx_word' id='word_1_115' title='bbox 236 2266 385 2325; x_wconf 78' lang='lat' dir='ltr'><strong>Vulnera:</strong></span> <span class='ocrx_word' id='word_1_116' title='bbox 406 2286 468 2325; x_wconf 87' lang='lat' dir='ltr'><strong>non</strong></span> <span class='ocrx_word' id='word_1_117' title='bbox 489 2266 630 2345; x_wconf 79' lang='lat' dir='ltr'>gemitus,</span> <span class='ocrx_word' id='word_1_118' title='bbox 652 2286 710 2324; x_wconf 91' lang='lat' dir='ltr'><strong>non</strong></span> <span class='ocrx_word' id='word_1_119' title='bbox 734 2267 809 2324; x_wconf 83' lang='lat' dir='ltr'><strong>hoec</strong></span> <span class='ocrx_word' id='word_1_120' title='bbox 831 2267 969 2326; x_wconf 81' lang='lat' dir='ltr'><strong>mortslis</strong></span> <span class='ocrx_word' id='word_1_121' title='bbox 990 2286 1093 2329; x_wconf 77' lang='lat' dir='ltr'><strong>sursss</strong></span> 
     </span>
     <span class='ocr_line' id='line_1_20' title="bbox 237 2348 1025 2428; baseline -0.001 -16"><span class='ocrx_word' id='word_1_122' title='bbox 237 2352 275 2412; x_wconf 76' lang='lat' dir='ltr'><strong>nt</strong></span> <span class='ocrx_word' id='word_1_123' title='bbox 295 2372 374 2427; x_wconf 85' lang='lat' dir='ltr'><strong>quse</strong></span> <span class='ocrx_word' id='word_1_124' title='bbox 397 2371 455 2410; x_wconf 92' lang='lat' dir='ltr'><strong>non</strong></span> <span class='ocrx_word' id='word_1_125' title='bbox 473 2348 567 2411; x_wconf 66' lang='lat' dir='ltr'><strong>curis</strong></span> <span class='ocrx_word' id='word_1_126' title='bbox 592 2352 679 2412; x_wconf 90' lang='lat' dir='ltr'><strong>nobis</strong></span> <span class='ocrx_word' id='word_1_127' title='bbox 703 2351 844 2410; x_wconf 78' lang='lat' dir='ltr'><strong>deflende</strong></span> <span class='ocrx_word' id='word_1_128' title='bbox 866 2352 1025 2428; x_wconf 77' lang='lat' dir='ltr'><strong>relinquis.</strong></span> 
     </span>
     <span class='ocr_line' id='line_1_21' title="bbox 236 2437 1152 2515; baseline -0.001 -18"><span class='ocrx_word' id='word_1_129' title='bbox 236 2437 402 2510; x_wconf 79' lang='lat' dir='ltr'><strong>Flebimus,</strong></span> <span class='ocrx_word' id='word_1_130' title='bbox 423 2444 454 2494; x_wconf 88' lang='lat' dir='ltr'><strong>et</strong></span> <span class='ocrx_word' id='word_1_131' title='bbox 475 2437 614 2508; x_wconf 81' lang='lat' dir='ltr'><strong>memori,</strong></span> <span class='ocrx_word' id='word_1_132' title='bbox 643 2437 669 2495; x_wconf 88' lang='lat' dir='ltr'><strong>si</strong></span> <span class='ocrx_word' id='word_1_133' title='bbox 690 2437 763 2513; x_wconf 89' lang='lat' dir='ltr'><strong>quid</strong></span> <span class='ocrx_word' id='word_1_134' title='bbox 780 2437 833 2514; x_wconf 83' lang='lat' dir='ltr'><strong>pio</strong></span> <span class='ocrx_word' id='word_1_135' title='bbox 855 2439 991 2496; x_wconf 81' lang='lat' dir='ltr'><strong>csrminu</strong></span> <span class='ocrx_word' id='word_1_136' title='bbox 1011 2446 1152 2515; x_wconf 85' lang='lat' dir='ltr'><strong>possunt,</strong></span> 
     </span>
     <span class='ocr_line' id='line_1_22' title="bbox 237 2521 1088 2597; baseline 0 -14"><span class='ocrx_word' id='word_1_137' title='bbox 237 2521 269 2583; x_wconf 89' lang='lat' dir='ltr'><strong>Si</strong></span> <span class='ocrx_word' id='word_1_138' title='bbox 290 2523 359 2597; x_wconf 90' lang='lat' dir='ltr'><strong>quis</strong></span> <span class='ocrx_word' id='word_1_139' title='bbox 379 2541 466 2581; x_wconf 84' lang='lat' dir='ltr'><strong>amor</strong></span> <span class='ocrx_word' id='word_1_140' title='bbox 480 2523 544 2580; x_wconf 83' lang='lat' dir='ltr'><strong>veri</strong></span> <span class='ocrx_word' id='word_1_141' title='bbox 568 2529 625 2594; x_wconf 85' lang='lat' dir='ltr'><strong>est,</strong></span> <span class='ocrx_word' id='word_1_142' title='bbox 647 2529 677 2579; x_wconf 86' lang='lat' dir='ltr'><strong>te</strong></span> <span class='ocrx_word' id='word_1_143' title='bbox 700 2522 977 2582; x_wconf 76' lang='lat' dir='ltr'><strong>commendabimus</strong></span> <span class='ocrx_word' id='word_1_144' title='bbox 1000 2542 1088 2583; x_wconf 78' lang='lat' dir='ltr'><strong>uero.</strong></span> 
     </span>
     <span class='ocr_line' id='line_1_23' title="bbox 235 2607 933 2673; baseline 0.001 -7"><span class='ocrx_word' id='word_1_145' title='bbox 235 2607 381 2666; x_wconf 89' lang='lat' dir='ltr'><strong>Dicemus</strong></span> <span class='ocrx_word' id='word_1_146' title='bbox 404 2607 513 2665; x_wconf 77' lang='lat' dir='ltr'><strong>validis</strong></span> <span class='ocrx_word' id='word_1_147' title='bbox 534 2607 678 2666; x_wconf 80' lang='lat' dir='ltr'><strong>defensus</strong></span> <span class='ocrx_word' id='word_1_148' title='bbox 697 2607 812 2666; x_wconf 85' lang='lat' dir='ltr'><strong>viribus</strong></span> <span class='ocrx_word' id='word_1_149' title='bbox 835 2626 933 2673; x_wconf 77' lang='lat' dir='ltr'><strong>eroes,</strong></span> 
     </span>
    </p>

    <p class='ocr_par' dir='ltr' id='par_1_7' title="bbox 235 2690 1151 2854">
     <span class='ocr_line' id='line_1_24' title="bbox 235 2690 1151 2770; baseline 0 -20"><span class='ocrx_word' id='word_1_150' title='bbox 235 2691 332 2767; x_wconf 79' lang='lat' dir='ltr'><strong>Quem</strong></span> <span class='ocrx_word' id='word_1_151' title='bbox 356 2690 532 2769; x_wconf 82' lang='lat' dir='ltr'><strong>Gurdsmps</strong></span> <span class='ocrx_word' id='word_1_152' title='bbox 546 2710 655 2769; x_wconf 72' lang='lat' dir='ltr'><strong>rapax,</strong></span> <span class='ocrx_word' id='word_1_153' title='bbox 670 2699 700 2749; x_wconf 88' lang='lat' dir='ltr'><strong>et</strong></span> <span class='ocrx_word' id='word_1_154' title='bbox 712 2711 802 2766; x_wconf 85' lang='lat' dir='ltr'><strong>quum</strong></span> <span class='ocrx_word' id='word_1_155' title='bbox 817 2692 892 2751; x_wconf 82' lang='lat' dir='ltr'><strong>lavit</strong></span> <span class='ocrx_word' id='word_1_156' title='bbox 901 2709 991 2750; x_wconf 81' lang='lat' dir='ltr'><strong>amne</strong></span> <span class='ocrx_word' id='word_1_157' title='bbox 1001 2691 1151 2770; x_wconf 71' lang='lat' dir='ltr'><strong>Vigenna.</strong></span> 
     </span>
     <span class='ocr_line' id='line_1_25' title="bbox 235 2776 927 2854; baseline -0.003 -18"><span class='ocrx_word' id='word_1_158' title='bbox 235 2778 393 2836; x_wconf 80' lang='lat' dir='ltr'><strong>Addentur</strong></span> <span class='ocrx_word' id='word_1_159' title='bbox 415 2777 483 2835; x_wconf 84' lang='lat' dir='ltr'><strong>fuso</strong></span> <span class='ocrx_word' id='word_1_160' title='bbox 505 2776 645 2853; x_wconf 76' lang='lat' dir='ltr'><strong>palantes</strong></span> <span class='ocrx_word' id='word_1_161' title='bbox 668 2776 789 2854; x_wconf 81' lang='lat' dir='ltr'><strong>sgmine</strong></span> <span class='ocrx_word' id='word_1_162' title='bbox 811 2785 927 2834; x_wconf 78' lang='lat' dir='ltr'><strong>turmae</strong></span> 
     </span>
    </p>

    <p class='ocr_par' dir='ltr' id='par_1_8' title="bbox 235 2861 1033 2938">
     <span class='ocr_line' id='line_1_26' title="bbox 235 2861 1033 2938; baseline -0.004 -17"><span class='ocrx_word' id='word_1_163' title='bbox 235 2861 304 2921; x_wconf 87' lang='lat' dir='ltr'><strong>Non</strong></span> <span class='ocrx_word' id='word_1_164' title='bbox 328 2861 458 2934; x_wconf 85' lang='lat' dir='ltr'><strong>sinete,</strong></span> <span class='ocrx_word' id='word_1_165' title='bbox 481 2870 510 2919; x_wconf 89' lang='lat' dir='ltr'><strong>et</strong></span> <span class='ocrx_word' id='word_1_166' title='bbox 531 2861 613 2938; x_wconf 82' lang='lat' dir='ltr'><strong>turpi</strong></span> <span class='ocrx_word' id='word_1_167' title='bbox 635 2869 790 2920; x_wconf 85' lang='lat' dir='ltr'><strong>vertentes</strong></span> <span class='ocrx_word' id='word_1_168' title='bbox 809 2869 895 2938; x_wconf 78' lang='lat' dir='ltr'><strong>terga</strong></span> <span class='ocrx_word' id='word_1_169' title='bbox 917 2861 1033 2918; x_wconf 80' lang='lat' dir='ltr'><strong>timore.</strong></span> 
     </span>
    </p>

    <p class='ocr_par' dir='ltr' id='par_1_9' title="bbox 234 2944 1152 3192">
     <span class='ocr_line' id='line_1_27' title="bbox 234 2944 1068 3023; baseline -0.002 -17"><span class='ocrx_word' id='word_1_170' title='bbox 234 2949 278 3006; x_wconf 79' lang='lat' dir='ltr'><strong>Ac</strong></span> <span class='ocrx_word' id='word_1_171' title='bbox 299 2945 438 3022; x_wconf 81' lang='lat' dir='ltr'><strong>quumvis</strong></span> <span class='ocrx_word' id='word_1_172' title='bbox 463 2946 568 3006; x_wconf 91' lang='lat' dir='ltr'><strong>titulus</strong></span> <span class='ocrx_word' id='word_1_173' title='bbox 590 2946 690 3023; x_wconf 89' lang='lat' dir='ltr'><strong>plenis</strong></span> <span class='ocrx_word' id='word_1_174' title='bbox 713 2946 768 3005; x_wconf 92' lang='lat' dir='ltr'><strong>tibi</strong></span> <span class='ocrx_word' id='word_1_175' title='bbox 787 2946 935 3004; x_wconf 78' lang='lat' dir='ltr'><strong>smotibus</strong></span> <span class='ocrx_word' id='word_1_176' title='bbox 959 2944 1068 3021; x_wconf 79' lang='lat' dir='ltr'><strong>ingens</strong></span> 
     </span>
     <span class='ocr_line' id='line_1_28' title="bbox 235 3023 1152 3108; baseline -0.003 -16"><span class='ocrx_word' id='word_1_177' title='bbox 235 3037 395 3092; x_wconf 78' lang='lat' dir='ltr'><strong>Armorum</strong></span> <span class='ocrx_word' id='word_1_178' title='bbox 420 3031 525 3089; x_wconf 81' lang='lat' dir='ltr'><strong>merito</strong></span> <span class='ocrx_word' id='word_1_179' title='bbox 548 3039 596 3090; x_wconf 88' lang='lat' dir='ltr'><strong>est</strong></span> <span class='ocrx_word' id='word_1_180' title='bbox 604 3023 619 3089; x_wconf 71' lang='grc' dir='ltr'><strong>ε’</strong></span> <span class='ocrx_word' id='word_1_181' title='bbox 634 3037 736 3090; x_wconf 79' lang='lat' dir='ltr'><strong>tumen</strong></span> <span class='ocrx_word' id='word_1_182' title='bbox 760 3038 807 3089; x_wconf 85' lang='lat' dir='ltr'><strong>est</strong></span> <span class='ocrx_word' id='word_1_183' title='bbox 828 3031 913 3108; x_wconf 88' lang='lat' dir='ltr'><strong>prior</strong></span> <span class='ocrx_word' id='word_1_184' title='bbox 932 3029 1038 3088; x_wconf 84' lang='lat' dir='ltr'><strong>ordine</strong></span> <span class='ocrx_word' id='word_1_185' title='bbox 1057 3030 1152 3095; x_wconf 67' lang='lat' dir='ltr'><strong>vinus</strong></span> 
     </span>
     <span class='ocr_line' id='line_1_29' title="bbox 235 3115 1011 3192; baseline -0.005 -16"><span class='ocrx_word' id='word_1_186' title='bbox 235 3116 273 3176; x_wconf 82' lang='lat' dir='ltr'><strong>Elt</strong></span> <span class='ocrx_word' id='word_1_187' title='bbox 296 3117 406 3175; x_wconf 78' lang='lat' dir='ltr'><strong>doctae</strong></span> <span class='ocrx_word' id='word_1_188' title='bbox 426 3115 567 3192; x_wconf 81' lang='lat' dir='ltr'><strong>impubes</strong></span> <span class='ocrx_word' id='word_1_189' title='bbox 589 3123 673 3175; x_wconf 83' lang='lat' dir='ltr'><strong>setas</strong></span> <span class='ocrx_word' id='word_1_190' title='bbox 697 3123 825 3192; x_wconf 84' lang='lat' dir='ltr'><strong>operatu</strong></span> <span class='ocrx_word' id='word_1_191' title='bbox 846 3116 1011 3174; x_wconf 71' lang='lat' dir='ltr'><strong>Minervae.</strong></span> 
     </span>
    </p>

    <p class='ocr_par' dir='ltr' id='par_1_10' title="bbox 236 3198 1038 3278">
     <span class='ocr_line' id='line_1_30' title="bbox 236 3198 1038 3278; baseline -0.005 -16"><span class='ocrx_word' id='word_1_192' title='bbox 236 3200 317 3262; x_wconf 87' lang='lat' dir='ltr'><strong>Siste</strong></span> <span class='ocrx_word' id='word_1_193' title='bbox 341 3219 455 3278; x_wconf 87' lang='lat' dir='ltr'><strong>purens</strong></span> <span class='ocrx_word' id='word_1_194' title='bbox 476 3201 629 3274; x_wconf 79' lang='lat' dir='ltr'><strong>lucr-imus,</strong></span> <span class='ocrx_word' id='word_1_195' title='bbox 652 3201 746 3260; x_wconf 86' lang='lat' dir='ltr'><strong>enimi</strong></span> <span class='ocrx_word' id='word_1_196' title='bbox 768 3208 909 3260; x_wconf 72' lang='lat' dir='ltr'><strong>mutuom</strong></span> <span class='ocrx_word' id='word_1_197' title='bbox 929 3198 1038 3273; x_wconf 85' lang='lat' dir='ltr'><strong>virilis,</strong></span> 
     </span>
    </p>

    <p class='ocr_par' dir='ltr' id='par_1_11' title="bbox 235 3284 1154 3448">
     <span class='ocr_line' id='line_1_31' title="bbox 236 3284 1154 3363; baseline -0.001 -18"><span class='ocrx_word' id='word_1_198' title='bbox 236 3284 268 3346; x_wconf 87' lang='lat' dir='ltr'><strong>si</strong></span> <span class='ocrx_word' id='word_1_199' title='bbox 288 3305 350 3361; x_wconf 78' lang='lat' dir='ltr'><strong>quo</strong></span> <span class='ocrx_word' id='word_1_200' title='bbox 372 3285 448 3344; x_wconf 89' lang='lat' dir='ltr'><strong>fides</strong></span> <span class='ocrx_word' id='word_1_201' title='bbox 470 3293 572 3345; x_wconf 80' lang='lat' dir='ltr'><strong>rutum</strong></span> <span class='ocrx_word' id='word_1_202' title='bbox 596 3285 741 3363; x_wconf 81' lang='lat' dir='ltr'><strong>auguriis,</strong></span> <span class='ocrx_word' id='word_1_203' title='bbox 764 3294 867 3344; x_wconf 84' lang='lat' dir='ltr'><strong>munet</strong></span> <span class='ocrx_word' id='word_1_204' title='bbox 886 3285 1010 3344; x_wconf 90' lang='lat' dir='ltr'><strong>ultimus</strong></span> <span class='ocrx_word' id='word_1_205' title='bbox 1032 3287 1154 3344; x_wconf 87' lang='lat' dir='ltr'><strong>hostem</strong></span> 
     </span>
     <span class='ocr_line' id='line_1_32' title="bbox 235 3370 1052 3448; baseline -0.001 -18"><span class='ocrx_word' id='word_1_206' title='bbox 235 3371 361 3440; x_wconf 64' lang='lat' dir='ltr'><strong>Exitum</strong></span> <span class='ocrx_word' id='word_1_207' title='bbox 383 3370 462 3429; x_wconf 73' lang='lat' dir='ltr'><strong>haud</strong></span> <span class='ocrx_word' id='word_1_208' title='bbox 487 3371 593 3429; x_wconf 86' lang='lat' dir='ltr'><strong>humili</strong></span> <span class='ocrx_word' id='word_1_209' title='bbox 613 3371 767 3447; x_wconf 85' lang='lat' dir='ltr'><strong>persolvet</strong></span> <span class='ocrx_word' id='word_1_210' title='bbox 788 3371 907 3428; x_wconf 78' lang='lat' dir='ltr'><strong>vindice</strong></span> <span class='ocrx_word' id='word_1_211' title='bbox 927 3387 1052 3448; x_wconf 78' lang='lat' dir='ltr'><strong>poenes.</strong></span> 
     </span>
    </p>

    <p class='ocr_par' dir='ltr' id='par_1_12' title="bbox 194 3455 980 3529">
     <span class='ocr_line' id='line_1_33' title="bbox 194 3455 980 3529; baseline -0.006 -11"><span class='ocrx_word' id='word_1_212' title='bbox 194 3511 197 3518; x_wconf 87' lang='lat'><em>.</em></span> <span class='ocrx_word' id='word_1_213' title='bbox 236 3455 359 3514; x_wconf 82' lang='lat' dir='ltr'><strong>luteres</strong></span> <span class='ocrx_word' id='word_1_214' title='bbox 378 3457 434 3514; x_wconf 82' lang='lat' dir='ltr'><strong>hos</strong></span> <span class='ocrx_word' id='word_1_215' title='bbox 451 3456 606 3529; x_wconf 74' lang='lat' dir='ltr'><strong>lacrimas,</strong></span> <span class='ocrx_word' id='word_1_216' title='bbox 628 3455 738 3515; x_wconf 82' lang='lat' dir='ltr'><strong>solutio</strong></span> <span class='ocrx_word' id='word_1_217' title='bbox 758 3474 837 3513; x_wconf 76' lang='lat' dir='ltr'><strong>veno</strong></span> <span class='ocrx_word' id='word_1_218' title='bbox 863 3455 980 3514; x_wconf 89' lang='lat' dir='ltr'><strong>doloris</strong></span> 
     </span>
    </p>

    <p class='ocr_par' dir='ltr' id='par_1_13' title="bbox 235 3539 1027 3698">
     <span class='ocr_line' id='line_1_34' title="bbox 235 3539 1027 3618; baseline 0 -20"><span class='ocrx_word' id='word_1_219' title='bbox 235 3542 349 3617; x_wconf 78' lang='lat' dir='ltr'><strong>Accipe</strong></span> <span class='ocrx_word' id='word_1_220' title='bbox 371 3559 440 3598; x_wconf 78' lang='lat' dir='ltr'><strong>cere</strong></span> <span class='ocrx_word' id='word_1_221' title='bbox 461 3559 547 3618; x_wconf 85' lang='lat' dir='ltr'><strong>puer,</strong></span> <span class='ocrx_word' id='word_1_222' title='bbox 568 3539 637 3598; x_wconf 91' lang='lat' dir='ltr'><strong>dum</strong></span> <span class='ocrx_word' id='word_1_223' title='bbox 658 3540 783 3617; x_wconf 84' lang='lat' dir='ltr'><strong>paulum</strong></span> <span class='ocrx_word' id='word_1_224' title='bbox 804 3558 877 3599; x_wconf 79' lang='lat' dir='ltr'><strong>curs</strong></span> <span class='ocrx_word' id='word_1_225' title='bbox 896 3539 1027 3598; x_wconf 79' lang='lat' dir='ltr'><strong>remisso</strong></span> 
     </span>
     <span class='ocr_line' id='line_1_35' title="bbox 236 3623 989 3698; baseline -0.003 -14"><span class='ocrx_word' id='word_1_226' title='bbox 236 3623 339 3684; x_wconf 74' lang='lat' dir='ltr'><strong>Laxet</strong></span> <span class='ocrx_word' id='word_1_227' title='bbox 359 3626 417 3685; x_wconf 85' lang='lat' dir='ltr'><strong>iter</strong></span> <span class='ocrx_word' id='word_1_228' title='bbox 438 3626 514 3698; x_wconf 83' lang='lat' dir='ltr'><strong>voci,</strong></span> <span class='ocrx_word' id='word_1_229' title='bbox 538 3634 569 3683; x_wconf 88' lang='lat' dir='ltr'><strong>ut</strong></span> <span class='ocrx_word' id='word_1_230' title='bbox 593 3625 683 3683; x_wconf 80' lang='lat' dir='ltr'><strong>liceat</strong></span> <span class='ocrx_word' id='word_1_231' title='bbox 704 3633 758 3683; x_wconf 80' lang='lat' dir='ltr'><strong>tus</strong></span> <span class='ocrx_word' id='word_1_232' title='bbox 777 3625 877 3683; x_wconf 90' lang='lat' dir='ltr'><strong>dicere</strong></span> <span class='ocrx_word' id='word_1_233' title='bbox 898 3626 989 3682; x_wconf 83' lang='lat' dir='ltr'><strong>iactu.</strong></span> 
     </span>
    </p>

    <p class='ocr_par' dir='ltr' id='par_1_14' title="bbox 237 3708 1042 3788">
     <span class='ocr_line' id='line_1_36' title="bbox 237 3708 1042 3788; baseline -0.004 -19"><span class='ocrx_word' id='word_1_234' title='bbox 237 3711 348 3786; x_wconf 81' lang='lat' dir='ltr'><strong>Accipe</strong></span> <span class='ocrx_word' id='word_1_235' title='bbox 370 3729 438 3770; x_wconf 78' lang='lat' dir='ltr'><strong>cere</strong></span> <span class='ocrx_word' id='word_1_236' title='bbox 458 3731 536 3788; x_wconf 89' lang='lat' dir='ltr'><strong>puer</strong></span> <span class='ocrx_word' id='word_1_237' title='bbox 556 3710 709 3782; x_wconf 80' lang='lat' dir='ltr'><strong>lacrimas,</strong></span> <span class='ocrx_word' id='word_1_238' title='bbox 735 3708 880 3784; x_wconf 79' lang='lat' dir='ltr'><strong>salveque</strong></span> <span class='ocrx_word' id='word_1_239' title='bbox 902 3709 1042 3783; x_wconf 65' lang='lat' dir='ltr'><strong>voleqne·</strong></span> 
     </span>
    </p>
   </div>
   <div class='ocr_carea' id='block_1_3' title="bbox 0 0 1504 4725">
    <p class='ocr_par' dir='ltr' id='par_1_15' title="bbox 0 0 1504 4725">
     <span class='ocr_line' id='line_1_37' title="bbox 0 0 1504 4725; baseline 0 6"><span class='ocrx_word' id='word_1_240' title='bbox 0 0 1504 4725; x_wconf 95' lang='lat' dir='ltr'><strong> </strong></span> 
     </span>
    </p>
   </div>
  </div>
 </body>
</html>
