3000 4725
740 630 890 726 ..492-

357 799 475 861 Semita
496 817 607 878 pressa
627 800 717 875 capit,
738 799 943 877 populumque
961 799 993 857 iu
1015 806 1090 857 nota
1106 809 1252 860 ruentem.

356 885 491 945 Ambitio
513 886 595 958 fecit,
617 886 667 943 vel
690 902 781 960 opum
801 884 915 943 vitiosa
938 884 1060 959 cupido,

356 968 407 1029 Ne
428 970 550 1046 possint
572 970 653 1028 ullae
673 970 741 1028 sine
764 968 846 1027 bello
868 968 971 1026 uivere
992 976 1111 1045 gentes,

263 1069 265 1073 '
356 1053 425 1115 Nec
443 1055 510 1113 sine
533 1054 652 1127 militia,
672 1060 750 1129 quae
773 1053 847 1112 belli
866 1051 1015 1131 praecipit
1034 1068 1134 1113 usum.

356 1138 417 1197 Illa
439 1140 608 1199 salutarem·
623 1140 805 1199 mortalibus
826 1138 945 1196 extudit
965 1147 1072 1211 artem,

358 1225 446 1300 Quae
469 1224 568 1297 dccet,
591 1224 703 1283 indicto
725 1231 760 1282 nt
781 1237 838 1301 per
857 1223 905 1282 fas
928 1231 959 1280 et
978 1224 1045 1280 iura
1067 1222 1171 1281 duello

356 1309 421 1368 Res
443 1310 549 1385 populi
569 1318 720 1390 repetant,
740 1316 832 1384 atque
854 1308 946 1366 armis
970 1327 1055 1366 arma
1074 1307 1236 1384 repellant,

358 1393 452 1455 Cuius
476 1403 516 1467 et,
535 1395 567 1453 in
588 1394 693 1471 paucis
712 1413 753 1453 ne
772 1394 923 1452 mentibus
947 1393 1002 1451 illa
1021 1394 1142 1465 lateret,

355 1480 392 1538 In
416 1498 573 1538 commune
596 1481 709 1539 bonum
730 1477 817 1537 multi
839 1486 1001 1554 praecepta
1020 1478 1141 1536 dedere.

356 1565 481 1641 Lipsius
499 1572 576 1625 ante
598 1582 719 1624 omnes:
738 1564 863 1621 memori
887 1581 966 1638 quae
988 1570 1112 1638 pectore
1136 1567 1245 1633 servet,

357 1649 489 1725 Quando
511 1650 591 1708 via'm
614 1640 712 1725 carpit
728 1649 886 1707 Romanus
907 1647 939 1703 iu
962 1649 1083 1725 agmine
1103 1648 1204 1719 miles,

355 1739 520 1794 Armorum
542 1743 571 1793 et
592 1734 682 1812 rigidi
696 1734 761 1793 sub
780 1734 883 1807 iniquo
904 1733 1039 1806 pondere
1057 1731 1140 1791 valli.

355 1822 428 1892 Ant,
450 1838 489 1876 ne
512 1820 598 1897 pigra
621 1820 685 1877 suis
706 1820 763 1877 sub
783 1818 915 1895 pellibus
938 1819 1000 1875 otia
1020 1818 1121 1888 ducat,
1315 1857 1317 1910 ν

356 1903 487 1979 Quando
510 1904 568 1961 ciet
587 1904 674 1963 festis
699 1903 772 1961 belli
794 1902 957 1961 simulacra
975 1902 1096 1961 diebusr

357 1989 445 2064 Quae
466 1988 538 2047 loca
560 1988 600 2046 sit
621 1988 730 2046 melius
752 1988 914 2063 praeducta
935 1987 1075 2045 claudere
1100 1988 1199 2058 fossa,

355 2073 400 2133 Ut
419 2072 504 2131 vallo
521 2073 600 2131 iacto
623 2073 684 2131 dux
703 2092 815 2150 aggere
835 2079 936 2130 castra
956 2078 1086 2144 coronet,

357 2158 445 2233 Quae
468 2158 591 2231 quadris
617 2158 737 2233 plateis,
758 2165 789 2215 et
810 2163 893 2217 secto
915 2157 994 2226 calle
1015 2157 1132 2215 viarum

356 2243 511 2301 Adversus
533 2250 671 2319 spectent
694 2243 810 2300 directo
832 2241 927 2299 limite
948 2249 1062 2316 portas.

355 2328 396 2386 Et
410 2328 604 2404 responsuris
620 2328 699 2386 inter
719 2346 753 2387 se
774 2346 830 2405 per
851 2327 922 2386 loca
943 2335 1026 2385 certa

356 2413 503 2472 Excubiis
526 2420 651 2490 peragat
669 2413 778 2490 vigiles
797 2413 936 2471 custodia
955 2420 1069 2470 noctes.

357 2496 444 2570 Quod
464 2497 491 2556 si
511 2496 586 2555 forte
606 2497 691 2556 iuvat
712 2506 850 2574 porrecta
870 2517 924 2572 per
946 2514 1080 2571 aequora
1100 2499 1200 2576 campi

356 2582 668 2657 Explicuisse'acies‚
688 2584 871 2659 hostemque
892 2583 1045 2640 lacessere
1067 2601 1182 2660 pugna,
1253 2615 1257 2621 ·

355 2667 416 2725 Pro
437 2669 528 2725 rebus
553 2685 674 2726 servare
693 2668 828 2726 modum:
859 2686 917 2742 quo
936 2667 1063 2724 tendere
1085 2675 1184 2726 tractu

357 2751 491 2825 Cornua,
511 2771 570 2827 quo
593 2753 698 2812 deceat
720 2771 832 2819 cuneos
855 2753 1063 2828 constringere
1083 2768 1169 2829 gyro.

356 2836 411 2898 sin
434 2837 536 2895 audax
556 2838 622 2895 fidit
644 2838 781 2897 robustis
803 2837 961 2896 moenibus
980 2837 1091 2908 hostis,

355 2922 552 2980 Tormentum
573 2923 688 2980 murale
711 2941 820 3002 graves
840 2922 965 2981 ballista
985 2922 1119 2982 molares

354 3007 503 3066 Fulminis
522 3007 554 3065 iu
578 3027 694 3066 morem
717 3015 855 3066 contento
876 3007 995 3065 turbine
1015 3006 1129 3066 mittat:
1174 3043 1177 3046 ·

354 3098 416 3150 Aut
438 3109 589 3152 concussa
610 3111 667 3151 suo
688 3093 853 3150 labefactet
874 3091 997 3151 moenia
1014 3091 1118 3168 pulsu¹

355 3174 445 3249 Quod
463 3177 588 3236 Poenus
613 3175 720 3236 Oetras
741 3177 860 3252 Byrsae
880 3177 1007 3235 bellacis
1028 3175 1170 3236 alumnus

355 3261 541 3319 Librandum
566 3262 706 3320 oscillum
728 3261 811 3318 malo
833 3262 992 3337 suspendit
1014 3262 1053 3319 ab
1073 3261 1147 3334 alto,

355 3345 469 3404 Ictibus
491 3354 524 3404 ut
547 3347 661 3406 crebris
683 3346 761 3404 muri
781 3362 925 3422 compage
948 3346 1047 3405 soluta

354 3429 489 3488 Pronum
514 3449 591 3488 saxa
612 3432 736 3490 trahant
758 3431 872 3489 sensim
887 3430 1043 3489 subducta
1060 3431 1190 3491 ruinam.

355 3516 417 3572 Aut
438 3515 536 3572 caecis
559 3517 718 3576 scrobibus
738 3515 862 3574 molitus
884 3516 1003 3572 moenia
1022 3514 1124 3589 miles,

354 3598 454 3656 Vinea
475 3615 564 3674 quern
587 3601 699 3676 pluteis
722 3609 753 3658 et
773 3607 854 3658 tecta
873 3600 976 3658 bonta
996 3608 1106 3673 tuetur,

354 3683 494 3742 Effossaa
516 3693 679 3760 postquam
700 3684 819 3744 telluris
842 3692 951 3760 operta
973 3685 1096 3755 subivit,

355 3767 528 3845 Improvisa
547 3769 649 3827 ferens
672 3770 801 3847 vestigia
819 3770 909 3846 ponit
928 3771 961 3827 iu
982 3770 1066 3827 urbe.

354 3852 573 3932 Tardigradam
594 3854 699 3914 fossae
720 3855 802 3912 lento
825 3854 982 3913 molimine
1007 3854 1113 3912 turrim
