3000 4725
719 645 869 740 Αἶά..

337 806 360 870 Γ
362 811 438 892 ρῆύς
461 807 692 895 ἀνακροτέουσσι
714 811 812 874 πολύν
833 811 990 895 κονιορτὸν
1015 811 1136 894 ἐγείρει.

337 891 460 975 Δελφὸς
481 893 557 977 ἀνὴρ
581 893 731 978 στέφανον
745 896 799 980 μὲν
816 893 910 980 ἔχων,
925 896 1000 978 δίψη
1020 894 1052 958 δ’
1066 895 1254 965 ἀπολωλώς.

337 976 443 1044 Δεξιδν
466 977 510 1046 εἰς
530 977 686 1062 ὑπόδημα,
708 980 867 1063 ἀριστερὸν
889 980 933 1047 εἰς
952 977 1166 1063 ποδόνιπτρον.

336 1060 438 1144 Δηρδν
462 1063 633 1146 βουλεύειν,
656 1062 697 1126 ἵν’
723 1061 782 1149 ἔχῃ
804 1065 855 1127 καὶ
875 1063 991 1126 πολλδν
1015 1063 1153 1146 ἄμεινον.

337 1144 484 1215 Δίίεσθαι
510 1146 623 1230 βιοτὴν,
643 1149 754 1232 ἀρετὴν
776 1147 808 1210 δ’
834 1147 905 1212 ὅταν
928 1145 949 1231 ᾖ
977 1148 1042 1230 βίος
1064 1145 1163 1212 ἔνδον.

336 1228 439 1292 Δισσὼ
461 1234 564 1294 πτῶκε
591 1233 711 1295 διώκων
736 1232 899 1317 οὐδέτερον
923 1232 1121 1315 καταλήψεις.

336 1313 419 1398 Δίψη
442 1313 473 1377 δ’
497 1314 679 1394 ἐξώλλυντο,
703 1317 786 1400 ὕδωρ
812 1316 838 1379 δ’
862 1318 1007 1401 ὑπερεῖχε
1027 1318 1158 1398 γενείου.

336 1397 406 1474 Δδς,
425 1398 495 1462 δότε
503 1403 562 1468 πᾶς
579 1402 594 1463 ὁ
610 1401 683 1485 βίος.
700 1401 778 1486 λαβὲ
793 1402 822 1464 δ’
833 1401 890 1463 οὐκ
907 1402 956 1463 ἐπὶ
969 1402 1074 1462 ναυσὶν
1090 1401 1252 1470 ἀκούσαις.

335 1481 396 1550 Aac
420 1489 537 1569 πτωχῷ
557 1483 660 1567 ἄρτον,
681 1487 732 1552 καὶ
755 1484 905 1548 κόνδυλον
929 1484 1006 1569 ὄψον
1032 1484 1082 1546 ἐπ’
1110 1486 1207 1571 αὐτῷ.

335 1565 431 1650 Δῶρα
452 1567 545 1636 θεούς
565 1570 666 1631 πείθει
687 1571 738 1632 καὶ
762 1570 899 1637 αἰδοίους
943 1572 1082 1652 ασιλῒηας.

333 1648 389 1714 Ἐκ
410 1651 502 1714 πίθου
525 1655 644 1722 ἀντλεῖς
664 1656 769 1736 δῆλον.
791 1655 852 1736 ἐγὼ
867 1655 899 1717 δ’
917 1677 983 1738 εχω
996 1652 1057 1738 οὐχ
1072 1653 1251 1723 ἄλιςᾶξευς.

331 1732 386 1798 Ἐν
408 1737 465 1820 γὰρ
489 1737 647 1822 ἀμηχανίῃ
668 1740 719 1801 καὶ
739 1736 891 1821 Καρκίνος
914 1737 1032 1821 ἔμμορε
1051 1738 1150 1820 τιμῆς.

330 1817 384 1882 Ἐν
407 1821 441 1884 δὲ
462 1821 640 1905 δικαιοσύνῃ
664 1823 837 1908 συλλήβδην
856 1823 929 1885 πᾶσ’
954 1823 1047 1905 ἀρετή
1069 1820 1155 1883 ’στίν.

329 1901 382 1967 Ἐν
407 1906 441 1968 δὲ
464 1905 643 1990 διχοστασίῃ
667 1909 718 1970 καὶ
740 1909 897 1989 πάγκακος
921 1905 1039 1990 ἔμμορε
1058 1906 1156 1989 τιμῆς.

329 1985 381 2051 Ἐν
406 1989 441 2052 δὲ
465 1991 677 2074 διχοστασίῃσι
697 1993 748 2054 καὶ
764 1991 972 2075 Ἀνδροκλέης
993 1992 1134 2074 πολεμαρ
1159 1994 1198 2051 εἴ.

331 2069 443 2136 Ἐνδὲ
465 2075 563 2144 λίθοις
585 2076 750 2162 ἐμάχοντο,
774 2076 860 2138 λίθον
885 2075 915 2138 δ’
938 2075 995 2138 οὐκ
1014 2073 1051 2158 ἡν
1070 2013 1247 2136 ἀνελᾶσθαι.

328 2154 382 2220 Ἐν
407 2157 567 2221 σκυτέεσσι
593 2161 724 2243 φορούσ’
749 2157 902 2244 Ἑφεσίγϊα
923 2161 1088 2243 γράμματα
1108 2159 1201 2221 καλά.

330 2239 504 2312 Ἐνστάίειν
530 2242 605 2328 ἐρίιρ
621 2249 675 2307 τοῦ
699 2249 754 2328 ζῃν
775 2246 858 2329 ἕνεχ’
881 2246 986 2328 ὥσπερ
1006 2243 1149 2328 ἄλευρον.

328 2323 475 2409 Ἐίᾶντῃς
498 2327 620 2391 λεύσσω
642 2328 757 2413 τούμδν
780 2331 875 2393 κακδν
900 2326 995 2392 ἄλλον
1017 2327 1140 2413 ἔχοντα.

328 2408 496 2480 Ἐίιύκειλε
518 2418 616 2476 κακοῦ
645 2415 741 2499 βουλὴ
764 2417 842 2498 πρδς
865 2413 1033 2498 ύπέρτατον
1055 2412 1140 2496 ἄτην.

326 2492 425 2579 Ἔργα
442 2495 532 2576 νέων,
548 2499 667 2583 βουλαὶ
688 2500 722 2563 δὲ
746 2498 862 2581 μέσων,
883 2498 975 2583 εὐχαὶ
997 2500 1032 2560 δὲ
1051 2496 1216 2603 γερόντων.

331 2576 465 2649 Ἐσθλδς
484 2582 543 2643 ἐὼν
569 2580 666 2645 ἄλλου
690 2584 769 2647 πολὺ
794 2584 967 2666 κρείττονος
988 2583 1201 2664 ἄντεκυρησεν.

332 2661 500 2747 Εὐδαίμων
529 2662 727 2750 ὁΚύρινθος.
752 2669 813 2750 ἐγὼ
841 2663 871 2729 δ’
899 2665 963 2749 είην
987 2664 1149 2750 Τενεοίτης.

331 2748 500 2833 Εὐδαίμων
523 2750 735 2835 ὥνθρωπος-δ
760 2753 868 2835 μηδενὶ
889 2751 985 2835 μηδὲν
1008 2751 1153 2835 ὀφείλων.

332 2832 497 2921 Εύσιεβέων
521 2836 665 2898 παίδεσσι
685 2837 722 2899 τὰ
740 2839 831 2912 λώϊα,
856 2834 1031 2919 δυσσεβέων
1053 2836 1084 2897 δ’
1107 2834 1154 2896 ού.

325 2916 369 2982 ‘H
394 2920 429 2981 δὲ
449 2921 527 3002 κακὴ
553 2921 650 3005 βουλὴ
679 2926 722 3005 τῷ
746 2920 947 3006 βουλεύσαντι
967 2919 1105 3002 κακίστη.

324 3000 368 3066 Ἦ
388 3002 429 3087 μθη
454 3009 548 3087 φῦναι
566 3003 699 3087 ἄριστον,
722 3004 741 3087 ἢ
768 3005 876 3067 αὐτίκα
899 3004 996 3089 φύντα
1016 3005 1171 3086 τελευτᾷν.

321 3084 427 3170 Ἦμος
446 3088 530 3172 ὕδωρ
550 3088 673 3173 πνίγῃσι
694 3091 847 3173 φάρυγγα,
866 3089 896 3151 τί
915 3091 970 3151 δεῖ·
981 3086 1025 3150 ἔτι
1046 3088 1160 3164 πίνειν;

333 3170 454 3255 Θρέψαι
475 3175 536 3240 τὼς
561 3175 704 3247 λυκιδεῖς,
727 3173 843 3259 θρέψαι
866 3172 967 3249 κύνας,
998 3174 1078 3234 ὥστε
1098 3173 1241 3255 φάγωντι.

326 3254 404 3318 Ἴσθι
427 3255 609 3319 Ποσειδάων
634 3258 728 3341 δρθάν
750 3257 804 3319 τάν
830 3263 904 3320 ναύν
928 3256 1120 3321 καταδύσων.

324 3336 510 3424 Ἵπποσύνην
535 3342 678 3405 δεδαῶτοί
700 3366 733 3404 σε
761 3343 802 3425 μὴ
825 3342 914 3424 θέμις
937 3342 1014 3403 ἐστὶν
1038 3341 1162 3403 ἀειδειν.

323 3418 425 3510 Ἵππιμ
446 3426 630 3508 γηράσκοντι
648 3426 685 3488 τὰ
710 3428 819 3511 μείονα
845 3427 936 3489 κύκλ’
960 3425 1118 3511 ἐπίβαλλε.
1143 3432 1146 3435 ’

324 3506 481 3595 Ἵστοβοῆϊ
502 3509 621 3594 γέροντι
642 3510 713 3593 νέην
734 3512 903 3596 ποτίβαλλε
924 3512 1074 3594 κορώνην.

331 3588 396 3656 Καί
414 3616 449 3657 κε
471 3596 546 3678 γυνὴ
572 3594 663 3681 φέροι
686 3595 795 3682 ἄχθος,
810 3595 891 3681 Ιἐπεί
909 3617 960 3659 κεν
984 3594 1063 3678 ἀνὴρ
1086 3593 1226 3678 ἀναθείη.

329 3673 392 3740 Καὶ
415 3680 566 3763 σφακελοὶ
585 3685 725 3743 ποιοῦσιν
746 3680 926 3765 Ἀθηναίοις
950 3678 1100 3741 ἀτέλειαν.

330 3757 549 3840 Καππάδοκες,
571 3760 683 3849 Κᾶρες,
705 3762 839 3840 Κίλικες,
869 3765 936 3848 τρία
958 3765 1063 3826 κάππα
1084 3763 1221 3827 κάκιστα.

330 3842 455 3917 Κάλλος
475 3847 650 3911 ἐπιστολίου
674 3849 754 3912 πολδ
777 3846 1035 3932 συστατικώτερύν
1057 3846 1130 3911 ἐστι.
