3000 4725
636 597 788 694 ἐρ]-

299 763 427 842 Semper
447 765 612 823 anhelabat
631 785 691 841 quo
716 775 768 825 tua
786 767 857 836 vita,
872 765 985 828 loonm:

258 846 344 922 Quod
364 859 467 908 tamen
484 850 566 908 haud
585 852 702 927 pridem
726 852 807 910 naris
827 860 948 928 ereptus
968 855 1085 927 amieis,

296 940 396 1012 Atque
415 935 479 993 illis
503 954 655 1010 nunquam
676 936 908 1013 conspiciendus
930 939 1017 1012 abes,

258 1017 406 1080 Solvimur
426 1020 459 1078 in
481 1020 634 1080 lacrimas.
657 1021 775 1082 Omnes
798 1030 851 1079 tua
872 1021 1087 1100 signassent,

296 1105 335 1165 Et
356 1105 523 1164 commilitii
541 1113 666 1166 strenua
687 1107 823 1166 membra
842 1107 898 1180 tui,

257 1193 315 1249 Aut
334 1209 500 1249 memorem
523 1192 607 1249 olera
627 1198 778 1250 testantur
800 1208 876 1250 voee
899 1191 1045 1270 dolorem,

295 1278 356 1334 Aut
380 1283 538 1334 eontracta
559 1276 638 1334 notis
659 1275 798 1336 tristibus
820 1295 875 1335 ora
899 1288 1016 1354 gerunt.

257 1356 366 1420 Sebam
389 1367 508 1420 matura
530 1360 685 1420 solverunt
705 1360 770 1419 fata
791 1370 929 1421 senecta:

282 1445 432 1524 Longius
454 1451 503 1505 ast
524 1445 611 1505 nobis
636 1443 718 1506 Seba
740 1446 886 1506 fruendus
911 1456 985 1506 erat.

257 1527 415 1608 Excipitur
436 1528 536 1592 Seboe
560 1532 698 1608 cognatis
721 1532 845 1607 spiritus
867 1532 972 1591 astris:

295 1618 354 1675 Ast
377 1613 478 1676 Sebae
500 1615 643 1675 interris
666 1616 739 1674 utils
760 1624 865 1693 peetus
889 1628 962 1677 erat

256 1697 322 1758 Non
345 1700 434 1759 caelo
457 1700 623 1760 admissum
646 1700 731 1775 (quid
753 1702 833 1760 enim
856 1699 975 1760 felicius
997 1701 1083 1780 illot)

296 1783 357 1845 Sed
379 1793 480 1843 terrae
500 1793 636 1862 ereptum
656 1785 772 1843 femina
795 1787 900 1860 virque
918 1785 1029 1845 dolent.
1139 1823 1143 1832 ι

255 1869 308 1930 list
329 1869 445 1945 aliquid
464 1870 576 1947 longae
598 1871 689 1928 finem
711 1870 890 1946 promittere
910 1870 1003 1943 vitae,

292 1955 333 2013 Et
353 1955 427 2012 (lere
447 1955 604 2014 discessus
628 1956 758 2032 pignora
778 1964 861 2013 terte
884 1954 943 2027 sui,

255 2039 354 2116 Quum
375 2040 490 2099 sensim
512 2040 647 2099 moriens
669 2040 775 2098 senior
795 2039 972 2117 longaevus,
992 2040 1098 2099 amieis

293 2125 495 2183 Moereodum
515 2124 626 2201 linquit
648 2133 718 2200 post
741 2143 798 2183 sua
818 2125 883 2182 fata
902 2124 990 2196 nihil,

253 2211 290 2270 lit
314 2209 474 2268 moriendo
495 2210 604 2286 magis,
628 2227 717 2286 quam
739 2218 873 2269 mortuus
897 2210 992 2268 allicit
1010 2209 1094 2270 illos.

291 2294 375 2354 Nam
398 2294 523 2372 longum
546 2296 663 2353 senium
687 2293 803 2353 funeris
824 2295 923 2354 instar
942 2295 1043 2354 habet

227 2430 230 2439 .
253 2381 328 2457 Quis
349 2380 500 2438 tamenin
515 2389 645 2457 patrem,
658 2398 748 2455 quem
763 2398 882 2439 summo
895 2390 1019 2440 senecta
1029 2380 1167 2455 resolvit,

290 2466 431 2541 Impendi
452 2465 594 2525 lacrimas
615 2466 692 2537 iure,
714 2482 826 2543 negare
844 2466 967 2543 potest?

251 2550 371 2611 Vixerit
392 2550 578 2623 innumeros,
601 2551 739 2625 sequaris
761 2549 917 2624 Nestoris,
939 2568 1049 2624 annos,

292 2635 435 2712 Implet-it
458 2635 538 2693 vitoe
557 2645 697 2713 tempora
719 2634 813 2713 longa
832 2654 921 2695 suae:

252 2720 436 2779 Immaturus
459 2721 532 2778 obit.
556 2720 785 2792 Pleminium,
808 2728 966 2795 parentum

291 2804 367 2865 Non
391 2806 482 2878 ritae,
506 2804 640 2864 lacrimis
664 2823 726 2863 non
745 2823 881 2882 posuere
902 2804 1032 2862 modum.

250 2888 363 2951 Nullus
386 2898 419 2947 ut
439 2889 565 2967 optandi
587 2890 759 2967 longaevae
779 2897 914 2965 tempora
934 2889 1026 2962 vitae,

292 2974 346 3037 sio
367 2974 468 3033 nullus
488 2976 581 3033 flendi
601 2974 710 3035 funera
730 2975 801 3033 finis
824 2975 920 3033 adest.

252 3060 351 3136 Quum
371 3067 434 3133 tus,
456 3078 573 3119 summe
595 3060 703 3132 virum,
727 3060 825 3135 pietas
850 3058 994 3136 exegerit,
1015 3064 1101 3114 otte

291 3144 464 3205 Possemus
483 3144 556 3203 iusti
577 3145 672 3221 patris
696 3144 910 3216 liberatore,

252 3229 329 3305 Quis
352 3237 475 3289 nostras
497 3230 620 3288 demum
642 3228 807 3289 lacrimae?
830 3229 898 3305 quis
918 3230 990 3286 flere
1009 3234 1166 3304 parentem

291 3315 546 3392 Intempestivum
568 3314 679 3373 dixerit
699 3314 856 3373 officinm?

185 3418 186 3421 ’
252 3396 360 3459 Stabat
383 3399 609 3476 Olympiadum‚
631 3399 741 3473 fateor,
759 3400 822 3457 iam
843 3406 925 3456 meta
943 3405 1074 3471 tuarum,

292 3487 393 3559 Atque
415 3485 463 3543 bis
488 3485 665 3543 undecimae
684 3485 791 3543 tertius
814 3500 913 3541 annus
934 3490 1009 3556 erat,

251 3568 377 3629 limeriti
400 3568 520 3645 quando
539 3578 570 3627 te
591 3577 665 3645 post
684 3568 839 3646 stipendia
856 3585 963 3628 cursus

293 3652 477 3731 Composuit
497 3652 618 3730 placido
640 3655 701 3712 line
717 3654 808 3711 beata
833 3654 936 3729 quies3

253 3736 389 3813 Qualiter
407 3740 542 3799 autumni
559 3747 651 3797 ¹totto
674 3738 818 3797 flaventis
838 3756 929 3797 snooo

293 3823 431 3883 Pendula
448 3842 539 3901 poma
561 3842 617 3883 suo
639 3823 777 3899 pondere
789 3824 875 3883 fessa
899 3821 1018 3880 eadunt.
