3000 4725
790 642 831 703 60

356 809 447 870 Galle
468 808 558 867 fortio
582 825 663 881 erae,
685 810 797 869 Latine
818 812 943 871 dootne:

356 893 446 954 Galle
467 894 555 953 miles
582 912 661 965 eras,
685 894 795 955 Latine
815 906 911 956 vaiee.

355 978 461 1038 Donec
483 976 585 1038 Gallia
607 986 687 1037 terra
710 988 843 1057 tempore
863 1000 923 1040 uno

354 1063 464 1123 Plures
486 1063 578 1121 edidit
597 1082 706 1122 aureos
729 1065 878 1137 alumnos,

355 1148 472 1208 Doetoe
492 1148 708 1222 Phoebieolae‚
732 1151 826 1209 bonon
847 1151 974 1221 Poetae,

357 1235 456 1309 Quam
479 1252 535 1291 nee
556 1233 635 1291 Itala
657 1234 769 1294 eeenlie
791 1235 945 1295 trecentis.

355 1318 395 1377 Et
416 1316 561 1377 Oiesaens
585 1319 615 1376 in
639 1319 687 1377 his
707 1319 806 1377 loenm
826 1328 936 1390 tuetur,

356 1402 445 1464 Siren
469 1401 589 1461 Gallina
610 1404 705 1462 seculi
725 1404 852 1463 eruditi:

354 1487 429 1548 Non
448 1488 543 1548 solnm
565 1488 680 1565 patriae
701 1489 807 1548 colens
827 1488 1012 1558 camoenae,

357 1572 418 1634 Sed
438 1573 558 1632 Phoebi
574 1572 695 1632 celeber
719 1573 815 1632 eliens
836 1573 976 1651 Pelasgi3

354 1658 396 1717 Et
416 1658 515 1717 Musis
537 1665 625 1733 eaput
650 1658 736 1716 Italis
760 1658 903 1717 amioum:

354 1744 416 1802 Per
434 1763 524 1820 quem
546 1763 604 1800 non
627 1743 713 1803 modo
735 1744 854 1803 Tibridi
874 1750 993 1802 vetneto

356 1828 478 1889 Glanum
496 1826 665 1906 praeripuit
684 1828 776 1887 deone
800 1828 908 1898 duelli3

355 1912 417 1974 Sed
435 1933 491 1971 nee
515 1911 617 1971 Gellia
637 1912 742 1972 literae
764 1914 896 1989 reliquit.

355 1997 448 2059 Salve
468 1997 571 2057 Gallia
596 1997 703 2055 clarior
726 1996 890 2058 Camoenie

353 2083 462 2143 Prieeo
486 2082 622 2154 Tibrido‚
640 2082 747 2141 clarior
769 2083 884 2141 duello:

355 2168 456 2226 Tanto
482 2166 585 2226 Gellia
607 2166 718 2224 clarior
741 2165 917 2238 camoenis,

354 2250 475 2325 Quanto
498 2251 608 2309 clarior
625 2260 716 2309 antea
737 2251 848 2311 duello.

356 2423 384 2480 4.
433 2413 484 2481 In¹
498 2441 601 2479 novam
635 2424 785 2480 editionem
814 2423 1010 2500 Paropiraeie
1039 2424 1215 2484 Bdeimmni
1239 2429 1268 2483 in
1331 2428 1332 2499 i

376 2507 524 2576 Peaimoe,
552 2525 639 2581 qoam
659 2507 743 2565 Alae.
767 2509 910 2578 Meriana,
930 2512 1037 2568 ommia
1058 2512 1150 2585 ipaiue
1165 2511 1246 2584 filine
1331 2520 1332 2585 j

693 2596 874 2667 procuravit.

354 2677 431 2748 leta,
456 2674 615 2734 caledonii
636 2677 725 2734 vertit
747 2697 826 2752 quae
848 2679 939 2736 Musa
958 2678 1083 2750 Poetae,

396 2761 461 2818 Iam
482 2760 567 2837 prius
587 2760 730 2819 Hebraea
751 2763 887 2820 earmina
906 2763 988 2822 enlin
1006 2763 1084 2839 lyra,

355 2845 553 2923 Typographi
574 2847 703 2922 primum
725 2836 825 2906 foedis
848 2847 992 2906 damnata
1004 2848 1116 2919 lituris,

396 2931 468 2988 Vati
489 2950 585 3006 nuper
608 2940 694 2990 erant
713 2932 878 2992 inficianda
899 2952 966 2991 eno.

354 3014 659 3089 ExcoluitMorieon‚
682 3025 713 3074 ei
733 3018 841 3077 doetus
864 3017 1029 3075 avunculus
1053 3017 1115 3075 illie

397 3100 485 3175 Quod
507 3099 641 3172 dederat,
660 3122 720 3160 non
742 3111 790 3161 eet
809 3121 923 3179 paeane
947 3103 1056 3162 nbeeee
1080 3101 1182 3161 decue.

355 3183 503 3258 Gaudete,
527 3206 545 3244 o
570 3187 681 3244 summi
699 3188 790 3259 vatis,
812 3188 865 3264 pia
884 3187 1020 3258 numina,
1042 3187 1161 3259 Manen,

399 3268 530 3330 sibene
551 3271 672 3349 cognati
693 3290 746 3329 voe
769 3272 929 3330 benefacta
948 3271 1065 3343 iuvant,

354 3354 444 3414 Nune
463 3375 539 3433 opus
561 3357 627 3428 hoe,
646 3356 783 3414 Morison
805 3357 887 3433 qnod
910 3356 1034 3417 luminis
1054 3355 1118 3414 edit
1136 3355 1169 3414 in
1185 3374 1265 3427 orne,

395 3440 537 3499 vestrum
559 3450 620 3511 eet3
643 3442 865 3519 Typographne
887 3443 1000 3500 fecerat
1017 3448 1088 3499 ante
1108 3459 1207 3500 enum.

354 3606 383 3665 5.
417 3609 455 3665 In
466 3606 623 3666 Scaevolae
636 3608 854 3670 Sommnrtieni
864 3612 1011 3682 Poenam,
1025 3613 1065 3669 ad
1080 3609 1263 3688 chrysma.

354 3689 502 3751 Scaevola
523 3692 549 3751 ei
572 3692 659 3752 cultis
682 3695 794 3753 mulnet
814 3697 870 3755 tibi
890 3696 1030 3755 versibus
1051 3715 1152 3769 auree,

396 3774 476 3834 Dum
499 3784 551 3835 tna
573 3797 658 3836 mene
682 3779 764 3838 doeti
785 3782 898 3858 pendet
918 3781 957 3839 ab
980 3799 1034 3840 ore
1053 3780 1124 3840 viriz

355 3857 389 3920 Si
409 3861 529 3939 lepidae
550 3862 669 3922 blandis
692 3865 810 3924 inhiant
830 3866 887 3924 tib'i
909 3865 992 3924 mille
1014 3865 1135 3943 puellae
