3000 4725
759 637 911 733 Α

377 798 412 865 Ζ.
461 798 624 884 Νωθριίην
652 800 744 884 φεῦγ’
766 804 831 887 ἥτις
854 803 959 885 ἀεργίη
981 802 1045 865 ἐστὶ
1067 800 1162 865 νόοιο.

413 907 417 915 ·
462 882 583 948 Εῦτ’ἀν
603 885 814 971 ῦνοῦςάτονῇ,
823 889 857 951 τὸ
869 886 1271 970 δέμαςδατιανᾶταιάεργοῦν.

377 965 417 1032 Η.
464 966 540 1037 Ταῖς
559 968 649 1036 ἰδίαις
669 972 839 1052 μελεδῶσιν
863 970 994 1040 ἐναλλὰξ
1018 971 1138 1079 ἔμμαλε
1158 970 1270 1053 τέρψεις,

456 1050 780 1141 Ὀφραδῦνηοθανάιρ
789 1057 873 1139 μάλα
886 1056 1033 1138 τετλάμεν
1047 1079 1081 1119 ον
1089 1077 1156 1117 τινα
1165 1052 1273 1161 μόχθον.

378 1136 415 1201 Θ.
456 1138 574 1201 Ἀλλου
599 1138 639 1221 μὴ
665 1138 760 1223 ψέξης
782 1140 801 1223 ἦ
824 1141 877 1223 μὲν
899 1138 1002 1221 λόγον,
1025 1140 1064 1224 ηὲ
1086 1141 1138 1202 καὶ
1162 1160 1251 1223 εργον,

462 1221 516 1306 Μὴ
541 1221 574 1283 0'
596 1223 785 1307 ἐπιχλευάζη
811 1226 1024 1308 μιμησάμενος
1044 1246 1078 1285 σε
1100 1224 1152 1286 καὶ
1175 1220 1261 1289 αῦτιίς.

377 1302 400 1369 ἰ.
455 1303 553 1391 Ὃρμ
576 1304 688 1415 ἔλαχες
710 1307 843 1372 δέλτοισι
865 1307 1076 1393 γεγραμμένος
1099 1307 1249 1413 ὑστατίησι

462 1390 557 1476 Τηρει
576 1391 601 1452 τ’
624 1415 658 1453 ευ
680 1393 731 1455 καί
749 1392 831 1467 ἄεξε,
848 1394 889 1477 μὴ
907 1394 922 1456 f>
943 1391 1180 1475 θρυλλοιίμενος
1196 1411 1258 1472 ειης.

377 1475 429 1540 lA.
452 1474 511 1538 Ἢν
533 1480 626 1580 περιῇ
652 1477 700 1538 σοὶ
721 1480 864 1547 πλεῖστος
886 1478 917 1539 ἐν
940 1474 1027 1560 οῦδηῖ
1049 1478 1167 1561 γήραος
1189 1474 1273 1559 ὄλβος,

462 1560 628 1644 Δαψιλεως
652 1562 794 1642 μετάδος,
821 1561 848 1625 κ’
876 1562 912 1624 οῦ
936 1559 1120 1644 φειδομένος
1147 1560 1274 1642 ἑτάροισι.

377 1642 428 1709 ΙΒ.
461 1642 512 1726 Μὴ
537 1643 652 1706 δούλου
676 1650 813 1729 χρηστῆς
837 1646 982 1729 ὀλιγώρει
1007 1644 1142 1707 δέσποτα
1169 1645 1273 1728 βουλῆς·
1313 1676 1314 1699 1

459 1726 551 1811 Μηδέ
574 1750 653 1797 τινος
673 1732 809 1813 γνώμην,
834 1731 861 1793 εἰ
883 1728 1043 1814 ου’μφορος
1062 1728 1135 1805 ἐστ’,
1158 1727 1274 1810 ἀθέριζε.
1313 1754 1314 1799 j

377 1813 426 1878 ΙΓ.
461 1811 603 1896 Κτήμασι
617 1814 667 1875 καὶ
676 1815 782 1899 κλήρῳ
794 1813 847 1877 ἐὰν
866 1815 922 1877 οὐκ
933 1814 998 1897 ἐνῇ,
1012 1810 1054 1881 ῶς
1068 1814 1101 1875 τὸ
1117 1815 1273 1896 πάροςπερ,

461 1895 1274 1983 Τοῖςστέργ’ἀσπασίως,τάχρόνοςπεριλοιπαχορηγεῖ.

376 1981 427 2047 ΙΔ.
461 1980 548 2063 Μήτε
567 1986 697 2063 γυναῖκα
718 1988 827 2065 γαμεῖν
851 1985 980 2067 ἀφνειῖης
1002 1982 1104 2043 εἵνεκα
1128 1982 1255 2065 προικὸς.

398 2115 401 2121 «
463 2064 547 2148 Μήτ’
563 2066 656 2147 αὐτὴν
669 2066 822 2151 κατέχειν,
838 2067 889 2130 ὅτε
905 2066 1034 2151 ἄρχεται
1050 2066 1129 2129 εἰναι
1142 2063 1272 2149 ἐπαχθής·

377 2149 428 2215 lE.
462 2149 592 2213 Πολλῶν
606 2150 644 2233 δὴ
654 2153 959 2234 ίηλῶνπαράδειγμα
971 2150 1082 2235 μάθοις
1089 2151 1119 2212 τί
1125 2150 1272 2232 δεῖὲρδειν,

460 2231 522 2297 Καὶ
533 2234 563 2295 τί
576 2238 692 2316 φυγεῖν.
713 2234 817 2299 ἄλλων
829 2236 894 2321 βίος
915 2236 978 2297 ἐστι
994 2236 1181 2302 διδάσκαλος
1192 2234 1271 2315 ἡμῶν.

376 2319 419 2391 ἰς.
461 2315 529 2380 Τῶν
551 2319 687 2381 δυνατῶν
712 2319 821 2396 άπτου,
847 2320 887 2404 μὴ
912 2318 1113 2406 βριθοσῦνησι
1137 2316 1261 2382 πιεσθεὶς

461 2401 653 2487 Πᾶςμόχθος
665 2405 822 2488 κάμνη,τά
828 2428 860 2469 τε
870 2405 935 2490 μάψ
947 2403 1102 2489 ἀρχθέντα
1111 2403 1272 2489 προλείπης.
1312 2419 1313 2470 ι

378 2487 428 2553 ΙΖ.
458 2486 512 2569 Μὴ
535 2487 604 2568 σίγα
624 2488 718 2572 τάπερ
740 2489 797 2552 οῦκ
820 2490 923 2573 ὀρθῶς
935 2487 1115 2573 πραχθέντα
1140 2487 1272 2556 σιίνοιδας,

462 2570 515 2654 Μὴ
538 2572 589 2634 καί
612 2572 683 2640 τοὺς
706 2574 828 2642 δειλοὺς
850 2573 1088 2657 δοκέηςίηλοῦν
1101 2575 1177 2636 τάδε
1192 2575 1272 2653 σιγῶν.

377 2656 431 2724 ΙΗ.
459 2657 569 2727 Σῶίου
593 2655 644 2718 ἐπ’
667 2657 814 2742 ἰθυντῇρα
833 2659 935 2740 κριτὴν
960 2658 1078 2720 ἀδίκοιο
1103 2657 1220 2741 νάμοιο.

463 2739 528 2804 Καί
547 2763 580 2802 τε
601 2740 691 2825 νόμοι
712 2741 862 2805 ποθέουσ’
888 2743 1061 2825 ὀρθοῦσθαι
1079 2747 1123 2826 τῷ
1147 2741 1258 2804 ἐποικεῖ.

377 2827 429 2893 ΙΘ.
455 2826 545 2896 Ἀξια
569 2830 625 2888 σοῦ
647 2829 788 2910 πάσχων,
809 2828 883 2890 τάδε
907 2829 1022 2911 τολμᾷν
1041 2823 1271 2909 καρτεροθύμος·

443 2965 447 2970 .
463 2908 651 2992 Κρινόμενος
661 2912 689 2973 δ’
703 2912 752 2973 ἐπὶ
761 2916 825 2973 σεῖο
840 2908 1137 2994 κριτοῦ,κατοίγνυθι
1153 2909 1270 2973 σεαυτοῦ.
1311 2943 1312 2994 γ

376 2994 415 3061 K.
464 2993 557 3058 Πάλλ
567 2995 784 3076 ἀναγινώσκειν
797 2996 846 3057 ἀπὶ
853 2996 1005 3063 πλείστοις
1013 2994 1126 3056 πλείον’
1135 2989 1270 3076 ἀναγνούς.

463 3078 594 3162 Ποιηταὶ
615 3080 781 3162 θαυμαστὰ
802 3079 860 3163 γὰρ
884 3079 956 3141 ἀλλ’
979 3079 1015 3141 οὐ
1038 3079 1130 3140 πιστὰ
1159 3078 1270 3160 λέγουσι.

378 3163 445 3230 ΚΑ.
459 3161 511 3226 Ἐν
531 3168 594 3231 τοῖς
618 3165 799 3226 συσσίτοισιν
824 3164 956 3247 ἑταίροις
975 3168 1055 3246 νῆφε
1075 3163 1203 3244 λόγοισι,

464 3247 517 3331 Μὴ
550 3249 654 3324 λάλος,
686 3248 875 3331 εὐτράπελος
906 3247 1023 3311 δοκέειν
1055 3250 1191 3329 μεμαὼς,
1215 3238 1268 3328 μάλ’

991 3333 1067 3394 ἀκού
1093 3354 1117 3399 ς.

378 3413 447 3479 ΚΒ.
461 3414 525 3497 Τῆς
549 3415 748 3500 ὀργιζομένης
771 3415 890 3501 ἀλόχου
915 3417 955 3499 μὴ
981 3355 1091 3478 δείδιθΤ
1114 3412 1222 3498 φωνὰς.

464 3497 544 3562 Εὖτε
565 3503 598 3562 τδ
617 3501 696 3582 θῆλυ
719 3505 789 3583 γοηῖ,
811 3500 953 3583 δακρύοις
971 3501 1085 3583 ἵστησιν
1106 3499 1234 3581 ἔνεδραν.

378 3582 444 3648 ΚΓ.
463 3581 535 3651 Τοῖς
555 3584 641 3651 ἰδίοις
659 3585 817 3647 κτεάτεσσι
831 3585 923 3668 μόνον
937 3589 1016 3669 χρῶ,
1031 3585 1071 3667 μὴ
1088 3585 1123 3646 δὲ
1136 3578 1268 3664 καταχρῦ.

465 3665 534 3730 Τῶν
557 3669 641 3730 ἰδίων
664 3670 836 3752 δαπανηταὶ
857 3669 1014 3734 ἀπαιτοῦσι
1034 3668 1072 3730 τὰ
1095 3667 1215 3752 θιίρηρι.

381 3751 448 3817 ΚΔ.
462 3750 629 3834 Γυμνάίου
651 3753 692 3836 μὴ
714 3755 866 3837 ταρβῆσαι
887 3755 1033 3818 θανάτοιο
1055 3753 1205 3833 τελευτὴν,

457 3833 501 3899 Ἥ
512 3835 545 3918 γ’
559 3836 656 3919 ἐσθλὴ
666 3838 706 3920 μὴ
721 3838 927 3902 ἐοῦσακακῶν
936 3838 1032 3923 πέρας
1047 3837 1114 3900 ἐστί
1117 3857 1171 3920 περ
1180 3830 1267 3916 ἔμπης.
