3000 4725
605 626 757 719 Q

234 790 295 849 Non
315 810 411 868 usque
431 795 520 853 nauci
541 794 677 868 fecerim,
699 795 771 869 quin
790 795 924 854 omnium

234 876 314 934 Illum
332 876 477 953 virorum,
500 888 571 955 post
592 878 754 953 Achillem,
774 898 973 952 acerrumum,
1141 886 1208 941 1310

234 960 404 1037 Quicunque
425 964 551 1023 Troiam
572 966 768 1039 accessimus,
792 967 975 1023 vocaverim.

233 1044 269 1103 Ut
287 1048 374 1106 115551
396 1057 427 1107 51
447 1049 532 1108 illum
557 1050 668 1123 facere,
691 1067 819 1109 caussae
839 1062 899 1109 uon
919 1050 987 1109 siet.

232 1128 305 1189 Nam
324 1150 384 1191 non
404 1135 470 1194 viro
493 1135 551 1207 illi,
574 1136 628 1193 sed
649 1135 784 1194 Deerum
806 1134 925 1212 legibus

232 1214 356 1277 iniurius
380 1220 435 1279 sis.
458 1228 610 1279 caeterum
633 1221 729 1297 yirum
750 1220 865 1279 bonum

231 1298 384 1361 Incessere
406 1305 486 1363 haud
507 1306 555 1363 ius
581 1314 739 1377 mortuum,
760 1305 833 1363 licet
856 1305 968 1363 oderis.
1142 1311 1209 1366 1315

232 1386 282 1462 Ag.
325 1386 415 1447 Haeo
434 1390 507 1462 isto,
530 1390 656 1466 Ulysse,
676 1411 733 1467 pro
753 1390 818 1449 viro
838 1388 942 1467 iurgas
964 1389 1058 1447 milri?

233 1468 277 1527 Ul.
325 1472 433 1532 Plane.
456 1476 511 1533 sed
532 1475 593 1547 odi,
617 1476 719 1534 odisse
742 1492 809 1533 cum
831 1474 916 1534 licuit
938 1474 1022 1533 mihi.

232 1554 283 1631 Ag.
324 1555 400 1617 Non
425 1566 456 1617 et
475 1560 587 1617 iacenti
609 1567 639 1617 te
662 1579 784 1637 quoque
804 1559 952 1619 insultare
973 1559 1043 1617 fas?

231 1636 276 1697 111.
321 1641 504 1717 Inhonesta,
526 1645 644 1718 Atrida,
665 1645 750 1703 lucra
767 1664 806 1703 ne
827 1645 971 1722 placeant
992 1643 1056 1702 tibi.

231 1724 282 1801 Ag·
325 1726 447 1804 Ubique
465 1749 567 1807 regem
593 1730 689 1789 colere
707 1730 852 1806 pietatem
875 1729 956 1787 haud
973 1728 1064 1788 lacui.
1144 1729 1211 1783 1353

232 1806 275 1866 Ul·
323 1811 442 1875 Scitum
465 1824 521 1887 est,
541 1812 646 1873 amicis
666 1835 772 1893 gerere
793 1834 919 1887 morem,
942 1825 972 1873 et
992 1812 1129 1888 obsequi.

232 1894 283 1970 Ag·
324 1898 441 1957 Parere
464 1906 585 1976 oportet
605 1900 726 1977 regibus
749 1901 845 1960 virum
864 1902 988 1959 bonum.

233 1975 276 2035 Ul·
326 1984 471 2059 Quiesce.
493 1985 591 2051 victus
616 2005 669 2043 ore
690 1985 791 2045 vicisti
812 1993 875 2044 tuo.

232 2063 283 2140 Ag·
318 2070 490 2145 Memento,
513 2069 601 2145 quali,
616 2070 743 2147 gratiam
764 2072 843 2128 hunc
862 2070 985 2130 confere
1009 2068 1085 2128 viro.

232 2144 276 2206 Ul·
323 2154 398 2212 Fuit
418 2154 491 2213 mihi
512 2155 610 2214 hostis
636 2155 700 2228 ille,
722 2156 777 2215 sed
800 2156 889 2215 fortis
911 2163 1024 2213 tamen.
1104 2176 1107 2180 ·
1144 2158 1211 2212 1355

232 2233 301 2311 Aga.
343 2239 426 2313 Quid
439 2241 502 2312 fiet,
517 2240 568 2298 ubi
583 2240 627 2299 sic
645 2249 760 2299 mortuo
774 2241 857 2300 hosti
868 2242 1016 2300 honorem
1028 2236 1144 2297 habes?

233 2314 277 2378 Ul·
341 2325 448 2386 Virtus
473 2332 576 2384 movet
595 2344 654 2399 me,
679 2345 771 2402 quam
790 2326 972 2400 simultates,
993 2324 1101 2403 magis.

233 2407 302 2483 Aga.
347 2410 437 2484 Sunt,
459 2411 511 2484 qui
533 2411 634 2470 solent
654 2412 730 2470 haec
751 2413 863 2485 facere,
886 2411 1034 2470 vecordes
1058 2409 1124 2467 viri.

234 2487 277 2552 Ul.
346 2499 400 2569 At,
424 2495 475 2573 qui
498 2495 572 2555 boni
592 2497 688 2569 fuere,
710 2506 781 2573 post
802 2499 878 2555 fiunt
899 2497 981 2555 mali.

233 2577 302 2653 Aga.
349 2580 445 2639 Tales
466 2579 578 2640 amicos
605 2600 675 2640 esse
699 2582 840 2658 postules
861 2582 937 2640 tibi?
1145 2583 1213 2638 1351)

234 2656 279 2719 Ul·
347 2665 417 2725 Non
441 2665 532 2724 laudo
553 2666 657 2724 duram
678 2674 821 2739 mentem,
843 2675 873 2724 51
893 2652 1124 2724 intractabilem.

234 2745 304 2824 Aga.
349 2750 399 2809 Tu
418 2769 475 2810 nos
499 2751 646 2827 probabis
672 2750 801 2810 hoodie
822 2751 1059 2828 ignavissumos.

234 2826 279 2889 Ul·
344 2839 386 2896 At
404 2855 464 2894 nos
487 2843 520 2894 tu
541 2835 666 2895 Achivis
686 2835 827 2897 omuibus
849 2835 1055 2894 iustissumos.

234 2915 306 2994 Aga.
352 2921 480 2993 Iubetis,
501 2921 583 2980 istud
603 2922 694 2979 funus
716 2921 825 2996 exequi
845 2920 965 2980 sinam?

234 2996 280 3060 Ul.
350 3006 504 3064 Iubemus.
527 3006 604 3064 idem
627 3025 697 3064 nam
718 3015 821 3064 manet
842 3025 897 3064 nos
920 3004 1029 3062 exitus.
1146 3009 1214 3064 1355

234 3085 306 3164 Aga.
351 3090 395 3150 Ut
414 3092 505 3150 rebus
525 3089 665 3150 homines
688 3092 827 3152 omnibus
852 3095 995 3166 satagunt
1018 3087 1075 3146 sui.

235 3167 281 3230 Ul·
352 3173 489 3235 Cuiusne'
505 3177 620 3251 potius,
641 3195 730 3252 quam
748 3177 819 3250 mei,
839 3171 1022 3252 sategerim?

236 3255 308 3333 Aga.
354 3259 402 3320 115
412 3269 446 3318 51
462 3268 545 3317 tuum
556 3261 615 3319 hoc
630 3261 680 3335 sit,
695 3282 756 3323 non
767 3281 869 3320 meum
880 3258 1022 3334 quicquid
1033 3256 1146 3316 estrei.

236 3335 283 3400 Ul.
355 3345 498 3406 Omnino.
522 3347 668 3405 utrumvis
692 3347 813 3419 feceris,
839 3347 920 3420 ,bene
941 3342 1060 3402 feceris.

237 3426 309 3503 Aga.
353 3430 466 3489 Verum
487 3430 560 3488 mihi
578 3431 659 3490 istud
678 3432 856 3502 autumanti,
876 3429 1018 3488 creduas:
1147 3431 1216 3486 1370

237 3505 291 3569 Vel
313 3515 412 3574 maius
433 3517 492 3574 isto
514 3535 628 3574 munus
646 3517 806 3575 attribuam
829 3516 893 3573 tibi.

237 3595 276 3652 At
297 3601 346 3658 vel
370 3601 532 3677 sepulchro
553 3601 692 3674 affectus,
712 3601 852 3660 inimicus
871 3599 945 3658 mihi

237 3675 300 3740 Ilrit
320 3687 390 3757 iste,
410 3693 442 3744 tu
464 3685 512 3743 fac
535 3706 624 3746 omne
648 3686 833 3761 quodfacto
857 3693 903 3744 est
926 3702 1013 3760 opus.

239 3760 291 3824 Ch·
335 3771 525 3846 Quicunque,
545 3771 671 3848 Ulysse,
695 3790 803 3846 sapere
823 3780 853 3829 ta
878 3790 941 3829 uon
962 3765 1071 3826 dixerit

239 3844 342 3914 Talem
367 3856 473 3928 virum,
498 3864 527 3914 et
550 3865 675 3930 tantum,
693 3855 746 3915 ille
769 3875 841 3914 vero
865 3854 987 3930 desipit.
1150 3854 1216 3910 1375
