3000 4725
569 694 572 699 .
680 620 831 716 -m-

302 789 398 865 C(tl)
677 786 832 855 Δικλίδας.

300 874 351 933 Me
372 873 472 932 verbis
495 871 623 932 Galatea
642 875 732 935 mulis
753 875 891 947 incessit,
914 882 948 932 ut
971 875 1002 933 in
1021 894 1072 933 me
1140 876 1217 953 [cti]

343 958 469 1036 Impulit
492 958 584 1017 iratus
607 979 734 1035 vespere
757 978 850 1019 saeve
868 960 963 1019 force.

300 1043 371 1103 Hoc
390 1044 499 1103 scitum
520 1044 633 1102 frustra
654 1053 711 1118 est,
733 1044 850 1103 Iniuria
873 1045 967 1104 soluit
990 1063 1130 1105 umoresz

342 1126 424 1186 Nem
445 1127 532 1186 furiis
555 1130 696 1189 stimulos
720 1129 842 1187 subiicit
864 1129 918 1187 ille
941 1130 1028 1188 meis.

300 1216 422 1274 Annum
442 1213 559 1272 iuratus
580 1214 644 1271 dixi
664 1214 773 1291 procul
795 1214 899 1272 abfore
919 1215 957 1272 ab
976 1214 1046 1285 ille;

342 1301 411 1371 Ast,
432 1298 511 1375 proh
533 1298 574 1371 di,
597 1299 697 1376 primo
720 1300 799 1357 hunc
818 1306 1072 1376 mencprecator
1094 1298 1156 1359 adu

302 1469 398 1545 (us)
544 1462 589 1526 Ἥ
611 1466 664 1527 σὸν
685 1462 730 1526 ἔτι
753 1463 962 1547 φθινόπωρον.

299 1554 341 1612 Et
362 1562 431 1611 tuus
453 1555 624 1611 Autumnus
646 1553 740 1610 ulieni
754 1552 844 1611 Veris
866 1553 1012 1624 honores,

342 1642 485 1697 Aestates
504 1638 581 1696 clius
603 1645 634 1695 et
652 1646 703 1694 tua
723 1636 817 1695 vincit
836 1636 954 1696 Hiems.

303 1806 398 1883 (06)
526 1798 729 1884 Κεκρύφαλοι
751 1802 911 1885 σφίγγουσι
930 1801 1012 1883 τεὴν.

301 1890 441 1951 Reticulo
464 1889 555 1948 crinis
577 1889 724 1965 premitur
742 1889 819 1949 tibi?
836 1890 972 1949 Differor
991 1897 1088 1949 aestu.

343 1976 429 2035 Haec
448 1974 523 2033 mihi
545 1975 712 2050 turrigerae
732 1975 831 2033 forme
853 1976 970 2034 videtur
993 1974 1082 2050 Opis.

301 2061 449 2119 Intectum
471 2066 561 2135 ceput
582 2059 649 2117 est?
671 2060 805 2119 Mentem
826 2061 901 2119 mihi
920 2059 1056 2118 funditus
1081 2077 1206 2117 omnem

343 2144 468 2204 Excutit
488 2163 529 2201 ex
545 2151 611 2203 toto
633 2152 758 2220 pectore
777 2146 855 2204 flurs
876 2163 973 2203 coma.

301 2230 379 2289 Vela
400 2229 455 2286 tibi
475 2228 609 2286 condunt
629 2246 800 2305 suspensos
826 2230 952 2287 candida
971 2228 1089 2287 cirros?

343 2313 450 2373 Nihilo
470 2312 642 2391 languidior
662 2332 715 2373 cor
736 2314 812 2373 mihi
831 2316 954 2373 flemma
976 2312 1086 2389 coquit.

302 2401 382 2459 Tres
403 2400 518 2458 formas
543 2399 636 2474 stipat
654 2398 808 2459 Charitum
831 2399 1031 2477 pulcherrima
1053 2399 1138 2476 triga.

342 2490 373 2544 A
391 2484 519 2545 totidem
540 2484 647 2542 formis
668 2485 790 2562 singule
811 2486 932 2544 flamme
954 2484 1029 2542 fluit.

302 2653 399 2729 (w)
533 2648 611 2725 Φεῦ,
636 2653 696 2733 φεῦ
718 2651 770 2712 καὶ
795 2652 828 2713 τὸ
854 2652 989 2732 λάλημα.

301 2738 385 2796 Proh
405 2736 504 2810 dolor,
526 2737 752 2812 alloquiumque
776 2747 805 2796 et
826 2739 923 2798 visum
943 2739 1023 2796 livor
1043 2735 1165 2809 ademit,

344 2822 440 2881 Tecta
463 2822 626 2898 supercilio
647 2823 739 2897 verbq
759 2822 903 2898 loquente
925 2843 988 2883 sue.

300 2906 370 2967 Nos
390 2915 506 2966 stantes
526 2909 651 2984 propius
672 2915 764 2965 nutus
786 2908 930 2966 miremur
948 2908 1057 2981 aniles,

344 2993 474 3052 Lumina
492 3000 525 3050 ut
542 2993 707 3052 Inachidos
725 2993 821 3053 multa
840 2993 969 3052 bubulce
990 3002 1049 3051 tua.
1135 3023 1138 3029 ·

302 3077 370 3139 sta:
392 3078 648 3154 circumspectans
670 3079 814 3137 observa:
837 3078 956 3156 ringere
977 3079 1099 3136 frustra.

343 3163 514 3238 Explorate
535 3163 632 3222 oculis
653 3164 759 3221 intime
782 3172 889 3222 nostre
910 3163 1026 3240 nequis.

302 3330 399 3406 ζ(48)
595 3327 711 3411 Ἀνὲρα
733 3331 908 3412 λυσσητῆρι.

301 3415 519 3490 Quemcunque
539 3416 666 3494 appetiit
683 3418 806 3477 rubidae
829 3418 912 3476 cunis
931 3436 1000 3476 ecre
1022 3435 1186 3490 venenum3

344 3499 405 3558 Hic
422 3500 504 3558 videt
525 3502 558 3560 in
580 3502 688 3562 mediis
707 3511 826 3578 spectra
849 3501 956 3560 canina
975 3502 1073 3560 vedis.

301 3586 421 3644 Forsan
444 3593 475 3643 et
493 3588 619 3664 infregit
635 3590 800 3665 genuinum
821 3587 952 3663 percitus
973 3587 1005 3644 iu
1025 3606 1102 3659 me,-

345 3668 493 3731 Sensibus
517 3680 547 3729 et
566 3674 639 3730 totis
659 3692 708 3731 me
730 3672 875 3750 spoliavit
895 3677 999 3732 Amor.

301 3753 382 3812 Nem
400 3755 475 3813 mihi
497 3756 581 3816 salsa
600 3764 669 3816 tuos
692 3759 828 3816 referunt
849 3758 941 3817 maris
955 3775 1089 3832 aequora
1101 3753 1208 3826 vultus,

296 3869 301 3881 ,
342 3840 552 3916 Fluminaque,
575 3849 605 3899 et
625 3843 706 3901 dulci
722 3842 834 3920 pocula
852 3842 943 3920 plene
964 3861 1059 3902 mero.
