3000 4725
712 577 860 670 A

329 744 515 803 Nasceutem
536 740 702 815 Charitum,
727 745 835 819 plausu
857 746 996 816 florente,
1018 746 1141 808 chorea.

329 831 370 889 Et
390 834 441 885 tua
463 834 627 887 tractantes
653 828 767 887 vitreae
791 829 941 888 cunabula
961 829 1124 908 Nymphae

331 912 467 974 Castalio
488 931 611 987 puerum
632 912 846 974 Permessidos
873 915 969 972 imbre
990 914 1126 992 rigarunt

331 997 501 1058 confessae
524 998 688 1056 dominum.
710 999 801 1059 Felix
816 1000 966 1058 natalibus
989 1018 1080 1060 omen

285 1080 288 1086 ’
329 1082 467 1142 Pierides
488 1082 625 1140 cecinere
646 1085 717 1156 tuis,
740 1085 907 1159 florumque
928 1086 1044 1143 recenti

329 1170 370 1229 Et
390 1168 475 1244 ripae
498 1168 622 1240 virides,
645 1176 677 1225 et
695 1168 800 1228 Renus
822 1169 891 1228 risit
912 1170 1015 1228 odore.

329 1254 402 1330 Ipse
424 1253 472 1311 sui
495 1253 573 1311 sacri
594 1251 710 1313 Genius
735 1254 855 1313 visurus
878 1255 1011 1313 honores

329 1338 447 1410 Adfuit,
470 1338 599 1414 Assyrio
626 1338 784 1397 destillans
808 1348 947 1415 tempora
970 1340 1077 1410 nardo,

330 1424 426 1483 Festa
446 1423 639 1482 coronandae
659 1431 789 1482 testatus
808 1424 919 1501 gaudia
940 1424 1029 1498 lucis,

331 1508 480 1569 Sutilibus
503 1508 602 1581 sertis,
628 1516 658 1565 et
678 1507 772 1585 plena
796 1510 871 1567 turis
895 1528 1006 1567 acerra.

329 1594 380 1667 Ilt,
404 1612 492 1669 quem
512 1601 542 1651 te
564 1611 741 1666 memorem,
766 1592 859 1675 dixit,
872 1593 964 1667 Puer,
986 1595 1076 1671 ignea
1099 1594 1187 1672 signa

329 1679 370 1738 Et
390 1679 488 1751 iubar,
514 1685 543 1735 et
564 1678 646 1735 rutili
669 1678 749 1735 clara
770 1688 949 1756 argumenta
966 1678 1075 1737 nitoris
1167 1702 1170 1709 ·

329 1766 486 1841 Agnosco.
510 1762 573 1822 Sed
599 1782 681 1839 pone
702 1766 789 1841 nigra
809 1784 872 1822 nox
896 1764 1045 1840 obstrepit
1068 1765 1183 1822 umbra.

332 1848 359 1908 Ο
383 1849 410 1907 si
432 1848 561 1907 vividior
581 1848 679 1907 iustos
704 1850 759 1907 tibi
782 1857 923 1925 suppetat
943 1849 1041 1907 annos
1157 1919 1160 1924 .

331 1932 475 2009 Spiritus,
501 1941 530 1991 et
551 1941 694 2007 quantum
718 1934 793 1993 satis
817 1942 864 1991 est
881 1925 1061 1993 mortalibus
1084 1936 1162 1993 aevi.

330 2018 405 2077 Non
428 2018 483 2075 tibi
504 2019 661 2076 certabunt
685 2018 782 2076 Italae
803 2018 921 2077 telluris
942 2018 1043 2091 ocelli,

331 2102 406 2161 Non
428 2101 526 2161 Galli:
550 2122 612 2160 non
637 2121 714 2177 quos
738 2103 814 2160 aluit
836 2102 1001 2162 Germania
1020 2112 1117 2161 vates.

330 2187 399 2246 Nec
420 2206 455 2245 se
477 2187 541 2246 ullo
564 2194 680 2245 tantum
702 2188 827 2248 iactabit
846 2187 973 2265 Belgica
995 2188 1086 2247 tellus

330 2272 480 2350 Ingenio,
496 2290 552 2329 nec
572 2279 618 2330 tot
637 2273 783 2331 miracula
805 2281 908 2330 cernet
930 2274 962 2331 in
983 2294 1055 2332 uno.

330 2358 381 2418 Ah
403 2357 514 2416 tibine
537 2365 676 2432 coeptum
699 2359 854 2433 praecidat
876 2357 974 2417 Parca
992 2368 1139 2418 tenorem.

331 2443 381 2504 Ah
402 2443 516 2501 tibine
538 2443 673 2500 advertat
696 2461 806 2503 saevos
830 2445 1019 2502 Rhamnusia
1038 2444 1150 2503 vultus.

331 2529 446 2587 Verum
470 2549 499 2586 ο.
523 2526 585 2587 Sed
605 2527 702 2604 rigida
721 2529 791 2589 Fati
812 2536 894 2587 stant
916 2530 1018 2588 omnia
1036 2529 1114 2608 lego.
1186 2569 1190 2580 ι

331 2613 418 2672 Haec
439 2613 493 2672 vix
515 2621 621 2670 trunca
642 2612 740 2685 Deus,
764 2614 914 2691 singultus
934 2622 1053 2672 caetera
1074 2616 1195 2689 pressit.

330 2698 538 2784 Pluslpotuit,
561 2716 650 2772 quam
674 2707 747 2756 vota
770 2699 841 2771 Dei,
863 2698 1049 2757 lacrimabile
1070 2700 1187 2758 Fatum.

330 2782 399 2842 Nec
418 2783 518 2842 miuus
542 2783 659 2840 interea
683 2784 772 2842 sertis
795 2784 966 2842 halantibus
990 2783 1096 2842 Horae
1136 2808 1138 2812 ⁸

330 2869 462 2928 Infantis
485 2887 579 2926 cunas
603 2869 767 2941 cumulant,
791 2877 821 2926 et
842 2869 952 2944 pollice
976 2887 1085 2943 presso

330 2955 507 3030 Expediunt
527 2953 627 3030 plexis
651 2955 788 3012 vaccinia
809 2954 898 3030 nigra
918 2953 1069 3028 quasillis,

330 3039 380 3098 Ne
403 3047 455 3098 tua
476 3039 614 3098 mortalis
638 3047 740 3098 suctus
765 3039 894 3096 infantia
911 3039 1001 3096 lactis

331 3123 475 3197 Duceret,
496 3125 565 3200 ipsa
586 3124 641 3183 tibi
663 3123 791 3198 puerilia
807 3124 895 3181 labra
913 3123 1023 3200 rigavit

331 3210 514 3269 Ainbrosiae
536 3210 634 3268 succis
655 3209 865 3267 redolentibus
887 3209 989 3267 Attica
1010 3207 1112 3266 Pitho.

331 3292 422 3367 Quod
443 3295 469 3352 si
490 3302 616 3351 vexaret
638 3294 746 3370 vigiles
768 3293 924 3352 insomnia
947 3311 1034 3351 curas

331 3377 561 3453 Intempestivis
586 3378 710 3438 solvens
727 3378 881 3455 vagitibus
905 3397 970 3450 ora,

331 3461 405 3521 Non
429 3471 458 3520 te
477 3464 643 3522 somnifero
670 3464 795 3522 nutricis
817 3465 928 3522 naenia
947 3471 1047 3535 cantu,

331 3545 399 3606 Nec
425 3547 577 3606 delinifico
604 3549 715 3623 sopivit
737 3569 891 3607 murmure
914 3549 1022 3618 lallus3
1098 3602 1100 3609 .

332 3631 395 3692 Sed
417 3639 447 3689 te
468 3632 548 3690 trina
571 3631 692 3705 Charis,
716 3643 745 3691 te
768 3633 876 3692 sedula
896 3635 983 3699 turba
1005 3632 1178 3691 Gamoenae

332 3715 492 3776 Certantes
516 3717 606 3775 simul
629 3719 750 3792 officiis,
773 3717 922 3794 Sirenque
943 3719 1054 3776 Latina

330 3801 528 3862 Flexanimae
550 3802 664 3861 blando
690 3802 810 3864 Suadae
833 3803 965 3862 mulsere
986 3801 1131 3874 susurro,
