3000 4725
609 601 761 695 ju.-

235 766 299 826 Non
322 770 401 829 bene
423 771 460 831 de
482 770 563 829 vitce
582 771 716 845 queritur
736 772 885 831 brevitate
905 772 1048 845 ordume,

236 850 287 925 Qui
305 854 383 913 bene
407 855 548 928 confecit,
570 857 687 932 petrice
708 875 786 932 quos
805 856 909 915 debuit
928 876 1038 917 nouos.

234 936 293 997 Nos
317 940 470 1013 meritum,
492 960 554 999 non
578 942 666 1014 ordo,
688 950 787 1000 vocet.
815 941 991 1001 Iustissimu
1012 943 1120 1003 mortis

235 1020 345 1085 Caussa
368 1033 427 1097 est,
451 1024 552 1085 efferri
569 1028 670 1085 ismae
692 1045 815 1086 rumore
836 1026 981 1086 secundo.

233 1106 375 1183 Viximus,
402 1118 433 1169 ot
454 1118 561 1171 nostro
586 1112 684 1189 surgit
707 1112 745 1170 ds
766 1110 872 1169 funere
892 1130 1015 1170 nomen.

233 1191 274 1249 Tu
285 1212 416 1270 quoque,
433 1213 505 1255 cere
518 1195 648 1270 Potens,
666 1196 789 1255 tumidis
808 1195 870 1253 ium
891 1214 984 1272 parce
997 1196 1142 1271 querelis.

232 1274 382 1338 Debemus
406 1282 522 1353 morbo,
546 1282 629 1356 quod
652 1300 762 1341 coccae
782 1280 978 1339 incommoda
998 1281 1091 1354 vitoe,

233 1358 314 1433 Quod
333 1365 446 1425 dubios
467 1383 558 1425 casus
579 1367 723 1445 fugimus,
750 1366 833 1441 quod
850 1365 969 1424 lubrico
987 1384 1098 1425 rerum.

232 1444 293 1505 Nec
313 1468 397 1508 nnnc
422 1450 553 1527 primum
575 1472 594 1509 c
615 1470 664 1511 me
684 1470 796 1511 nomen
818 1450 874 1509 tibi
894 1450 1018 1529 contigit
1039 1452 1142 1511 orbee.

233 1530 307 1606 Quot
326 1535 473 1612 gravibus
497 1536 576 1597 curis
598 1536 746 1608 dedimus,
777 1535 946 1610 studiisque
966 1536 1123 1595 Minervee

233 1614 287 1675 Tot
310 1620 367 1678 tibi
391 1620 550 1697 deperiere
572 1622 647 1681 dies.
674 1620 758 1679 Dum
780 1620 923 1692 viximus,
946 1621 1020 1679 orbo

232 1701 320 1761 Mater
345 1722 427 1764 erus.
450 1704 519 1765 Nec
540 1725 620 1766 nunc
642 1706 787 1781 rapimur,
808 1705 864 1763 sed
883 1707 1050 1781 poscimur,
1061 1705 1143 1764 clim.

232 1784 308 1845 Idem
324 1808 375 1849 me
398 1791 520 1867 repetit,
541 1794 592 1867 qui
613 1810 662 1849 me
683 1790 738 1849 tibi
758 1790 881 1849 tradidit
901 1798 983 1849 ente.

232 1869 311 1945 Vive,
333 1875 415 1934 vale.
436 1885 578 1935 aeternus
601 1877 702 1953 signet
724 1876 798 1933 mihi
817 1874 933 1932 lumina
956 1894 1091 1937 somnus.

232 1954 315 2017 Tcliu
335 1960 408 2019 dum
430 1969 549 2037 perstet
570 1980 757 2033 memorans,
780 1968 810 2018 et
830 1959 949 2033 utrique
968 1961 1086 2037 parenti

232 2040 368 2121 Morigeri
392 2045 540 2105 alternum
563 2048 626 2105 nuti
649 2047 776 2122 partitur
794 2062 940 2117 amorem,

191 2150 192 2157 ¹
231 2123 318 2189 Plura
339 2130 480 2189 locuturo
503 2133 637 2191 tenebris
661 2132 801 2190 velentur
822 2130 940 2189 obortis

233 2207 399 2275 Haerentes
425 2215 518 2276 oculi:
540 2238 601 2277 vox
624 2217 802 2293 imperfecta
820 2214 942 2290 reliquit

232 2296 360 2380 Affectus
382 2300 487 2359 dulces
506 2308 537 2359 et
557 2303 651 2362 verbe
672 2302 815 2362 vocantis
833 2308 971 2359 matrem.

235 2379 313 2455 Quae
336 2387 397 2444 fuit
418 2386 500 2446 illius
521 2387 661 2447 funestae
684 2387 783 2446 noctis
808 2387 918 2462 imago,

234 2464 295 2540 Qua
315 2469 370 2532 Sol
392 2470 555 2549 Belgarum
577 2472 763 2550 pollentibus
785 2470 894 2529 occidit
910 2469 1037 2540 umbris,

232 2548 346 2614 Excivit
369 2555 526 2630 lacrimas,
547 2558 725 2634 permiscuit
749 2556 852 2616 omnio
871 2555 975 2614 luctui

234 2632 324 2700 Unico
345 2659 406 2700 nec
426 2650 543 2701 tentum
565 2643 682 2702 vultum
705 2642 814 2700 domus
836 2641 935 2699 induit
954 2657 1059 2710 unum,

233 2717 328 2783 Induit
351 2734 383 2784 et
404 2733 489 2786 totus
507 2727 648 2804 lugubria
670 2726 828 2803 squalidus
847 2726 940 2785 orbis.

232 2801 267 2862 Et
288 2811 359 2884 quia
381 2829 443 2870 non
464 2813 564 2871 incise
583 2820 684 2891 potest
705 2813 867 2870 adamante
888 2826 994 2867 severo

233 2885 339 2954 Ferrea
357 2890 512 2956 lenificum
535 2905 708 2974 pervertere
731 2897 799 2955 iura
821 2893 984 2955 Sororum:

233 2971 328 3040 Edens
349 2981 489 3040 indomiti
508 2982 598 3060 signs
619 2983 701 3040 haud
722 2983 853 3042 obscuro
874 2977 1003 3053 doloris,

234 3055 430 3140 Testetusque
452 3074 545 3139 tuam,
566 3068 710 3127 iuvenum
729 3064 919 3136 doctissime,
940 3073 1066 3124 mortem

232 3140 382 3224 Explicuit
405 3151 505 3212 cleros
529 3152 680 3210 clemente
701 3171 757 3228 per
779 3149 883 3208 omniu
905 3154 1050 3222 questus,

234 3224 273 3288 Te
293 3233 374 3294 Reni
398 3237 523 3312 patulae
546 3237 689 3296 viridanti
710 3235 847 3311 margine
868 3234 964 3308 ripae,

234 3309 273 3372 Te
292 3318 409 3397 Belgas
432 3322 543 3380 flevere
567 3323 662 3382 leons.
686 3328 716 3385 te
736 3320 824 3379 dulce
847 3317 982 3394 Lyceum

234 3394 368 3480 Lugduni
388 3403 477 3466 viridi
499 3407 668 3467 studiorum
692 3412 851 3465 stemmate
876 3413 1042 3481 comptum.

235 3481 340 3548 Omnis
359 3489 482 3550 luctifici
503 3492 576 3551 dent
598 3499 777 3570 arguments
799 3488 917 3548 doloris

236 3565 394 3632 coniurata
414 3576 474 3635 tuis
498 3577 618 3636 iunctos
642 3572 953 3653 conferrequerolcs¹

234 3650 386 3735 Exequiis,
410 3662 582 3736 iunctisque
604 3662 759 3720 lacessere
778 3658 953 3736 plauctibus
980 3672 1081 3715 cures.

234 3734 334 3802 Invida
358 3763 454 3818 mors,
474 3746 554 3824 rupti
575 3747 780 3824 probrumque
804 3761 840 3804 ec
862 3744 976 3802 crimen
998 3739 1123 3818 ephebis

236 3819 378 3896 Quantum
387 3839 463 3903 erat,
472 3839 643 3892 utnascens
657 3829 842 3893 sinereshoc
855 3845 991 3888 crescere
1002 3823 1147 3904 germen?
