3000 4725
659 608 811 703 —39—94

275 778 371 839 Adsis
389 777 461 851 Dia,
482 779 634 837 hominum
653 779 799 856 frangens
819 776 1058 848 suessionem,

276 863 319 925 Ut
339 882 462 940 semper
482 864 593 924 iustam
613 883 711 939 aequa
733 865 835 921 ferant
855 860 986 938 vestigia
1006 861 1109 932 vitam,

277 947 433 1019 Omnium·
445 948 495 1023 qui
516 958 614 1007 terrae
634 956 798 1009 vescuntur
818 966 942 1005 munero
965 946 1081 1022 opimo,

275 1037 377 1109 Atque
389 1033 576 1093 animantum
588 1035 692 1107 alium,
717 1050 855 1111 quaeque
872 1032 980 1089 eduoat
990 1030 1194 1105 omniparenti

276 1119 367 1179 Alma
389 1118 457 1178 sinu
478 1119 582 1193 tellus,
603 1127 632 1177 et
653 1138 730 1194 quae
750 1118 842 1177 maris
866 1132 1035 1193 aequoreus
1059 1116 1128 1175 Dis.

618 1286 707 1363 Lapis
726 1306 850 1347 carmen.
1149 1287 1192 1347 63

277 1370 478 1450 Oooligenum
491 1380 580 1445 atque
593 1372 746 1431 hominum
762 1372 882 1450 genium
896 1379 927 1429 te
937 1371 1020 1430 Diva
1031 1368 1192 1444 voooLex,

278 1456 460 1529 coelestem,
484 1456 658 1528 astrifieem,
679 1476 780 1515 rerum
803 1476 963 1516 commune
987 1455 1136 1533 sigillum3

278 1542 397 1614 Terrai,
422 1541 566 1617 aequorei
587 1539 666 1615 sali',
688 1551 875 1618 naturaeque
898 1550 1058 1601 statumen.

278 1626 414 1687 Coneors
436 1634 466 1683 et
488 1632 630 1687 constans
655 1646 782 1687 servans
807 1629 885 1686 bene
904 1627 1023 1703 legibus
1044 1634 1159 1703 aptum,

277 1711 353 1785 Quis
376 1719 408 1770 tu
431 1712 458 1770 is
479 1730 663 1787 componens
685 1712 764 1771 coeli
784 1711 969 1771 immortalia
987 1712 1064 1783 iura,

275 1798 316 1856 Et
340 1792 432 1871 quati’
455 1796 621 1855 sublestam
643 1797 789 1855 invidiam
812 1794 962 1875 vertigini
983 1796 1059 1854 ritu:

277 1882 339 1958 Qui
363 1883 441 1940 bona
463 1881 516 1939 dus
536 1882 616 1939 vitae
635 1878 808 1941 mortalibu’
830 1883 933 1940 munia
952 1881 1047 1939 obire.

276 1966 355 2029 Sola
371 1966 482 2025 etenim
505 1966 661 2025 moderare
678 1967 865 2025 animantum
888 1974 996 2025 cuneta
1016 1967 1163 2043 guberna,

276 2052 425 2112 Consiliis
447 2070 573 2111 cernens
596 2053 867 2111 observantissima
888 2051 993 2111 restis:

277 2136 388 2210 Casca,
409 2144 546 2213 experta,
568 2156 668 2195 eomes
691 2138 780 2197 iustis
801 2138 929 2195 innoxia
947 2154 1078 2214 semper,
1145 2194 1146 2198 ,

276 2221 473 2297 Iniustosque
492 2222 678 2289 labefaciens
701 2218 868 2301 ingentibu'
890 2223 989 2281 noxis.

277 2304 340 2369 Sed
363 2308 537 2368 veneranda
550 2307 733 2384 opulentifer
748 2308 882 2369 omnium
898 2326 1026 2367 amoena
1038 2306 1189 2383 voluptas,

275 2393 339 2453 Fae
358 2394 401 2450 tui
422 2412 477 2452 nos
496 2411 655 2466 memores,
681 2395 823 2470 aspirans
849 2415 962 2453 nomen
981 2393 1120 2451 amioum.

529 2556 689 2620 'Mauortia
710 2565 852 2638 suffimen,
872 2573 927 2622 tas.
1152 2560 1193 2620 tt

275 2646 482 2725 Magnanimo,
491 2646 871 2723 impavide,invieteatque
885 2649 1051 2723 asperrime
1061 2648 1192 2717 Mavors,

277 2732 441 2805 Indomita,
464 2732 661 2808 armipotens,
679 2732 841 2808 parricida,
864 2733 1066 2809 impetimure,

277 2818 453 2893 Marspiter,
473 2837 491 2876 o
515 2818 731 2893 ereperierepe,
754 2819 826 2876 tabo
851 2826 881 2874 et
899 2817 1047 2894 sanguine
1061 2816 1192 2888 stillans,

272 2901 444 2979 'Sanguinis
455 2939 459 2952 ·
470 2903 594 2960 humani
615 2902 722 2962 sitiens
738 2903 915 2980 bellicrepe,
934 2911 1032 2973 torve,

277 2988 425 3058 Ensibus,
447 2993 537 3062 atque
558 2988 722 3062 inamoena
741 2988 846 3047 oolens
868 2988 1036 3046 certamina
1058 2988 1158 3044 runis:

279 3071 363 3134 Siste
384 3071 528 3146 duellum,
552 3081 582 3131 et
604 3073 757 3132 cordolios
780 3073 938 3148 requiesce
956 3071 1112 3143 tumultus,

278 3158 375 3232 Inque
397 3157 690 3230 venenatissime,
715 3166 744 3217 et
769 3158 874 3216 Brumi
895 3159 959 3216 otia
979 3157 1040 3230 dia,

278 3243 320 3301 Et
341 3246 450 3301 munus
472 3240 599 3301 Cereale
621 3242 715 3302 duelli
736 3244 839 3316 confer
861 3261 1008 3313 amorem3

279 3326 408 3404 Semper
424 3345 531 3404 paoem
550 3333 671 3404 optans,
697 3330 807 3388 vietum
832 3339 862 3387 et
883 3348 916 3387 re
937 3347 1011 3404 eope
1031 3328 1191 3404 rigentem.

485 3497 606 3556 Volcani
623 3499 764 3572 suffimen,
783 3501 999 3556 libouomonno.
1152 3497 1191 3575 61³

278 3579 414 3639 Volcano
436 3582 640 3658 omnipotens,
662 3583 841 3656 fortissime,
869 3585 1048 3657 flammaque
1068 3600 1191 3659 perpes,

278 3665 388 3743 Ignitis
414 3670 527 3728 florens
547 3668 640 3739 auris,
661 3665 799 3726 Lucetiu'
823 3669 902 3742 dius,

277 3751 438 3826 Lacerius,
459 3753 587 3826 viriste,
609 3751 695 3811 Nero
718 3762 852 3827 aeterno,
879 3755 1107 3832 antipoteusque

276 3835 461 3913 Permanet,
482 3856 649 3917 purumque
668 3837 861 3913 elementum,
882 3840 984 3918 portio
1004 3840 1119 3911 mundi,
