3000 4725
772 626 813 685 38

284 802 289 807 “
335 791 386 851 39.
437 794 476 851 In
501 792 675 851 Lemurum
705 795 923 871 compilatores,
951 797 1120 870 inscriptum
1145 795 1255 854 Leaeico

498 877 627 935 Arabico
653 898 672 936 α
694 898 723 937 ιο
746 880 872 949 collecto,
896 882 927 936 ιἰι
949 880 1086 936 Batavis.

335 958 371 1021 Si
393 978 483 1034 quem
504 962 579 1020 dura
599 971 701 1021 manet
724 963 883 1022 sententia·
898 962 1005 1021 iudicis
1028 963 1112 1034 olim,

378 1044 564 1111 Damnatum
586 1048 739 1108 aerumnis
760 1048 979 1125 suppliciisque
1002 1056 1107 1125 caput:

334 1128 426 1187 Hunc
446 1150 545 1206 neque
563 1132 664 1191 fabrili
685 1130 806 1193 lassent
825 1134 979 1211 ergastula
997 1151 1112 1204 massa,

377 1214 444 1273 Nec
464 1216 579 1293 rigidas
601 1226 715 1276 vexent
735 1219 821 1277 fossa
842 1218 968 1276 metalla
989 1236 1107 1277 manus.

335 1300 454 1357 Lexica
477 1309 629 1375 contexat,
653 1323 723 1361 nam
745 1311 865 1361 caetera
886 1304 959 1378 quid
980 1302 1104 1361 moror?
1126 1318 1234 1358 omnes

377 1385 668 1446 Poenarumiacies
691 1389 740 1445 hic
761 1388 852 1446 labor
871 1408 949 1446 unus
970 1389 1071 1445 habet.

388 1554 438 1613 40.
478 1557 530 1614 Ex
553 1556 716 1628 Salomone,
740 1556 963 1615 Proverbiorum
985 1575 1051 1633 οαρ.
1075 1555 1206 1613 XXXI.

335 1632 388 1705 Τίς
406 1636 473 1699 ποτ’
499 1636 719 1720 ἀριστεύουσαν
744 1638 775 1699 ἐν
795 1639 939 1720 ἀνδράσιν
963 1635 1035 1719 εὗρε
1052 1641 1200 1718 γυναῖκας
1252 1686 1255 1689 «

333 1722 353 1803 ῆ
378 1721 413 1783 δὲ
435 1723 544 1805 χλιδῆς
564 1723 665 1803 πάσης
689 1722 829 1790 ἀντάξιος
848 1720 1082 1804 ἀντερύσασθαι.

336 1805 369 1867 ἐν
392 1805 505 1889 ταύτης
522 1806 579 1889 γάρ
602 1807 690 1890 χερσὶ
715 1807 804 1890 φίλον
828 1805 903 1888 κέαρ
927 1807 1038 1889 ἀνδρὸς
1061 1807 1127 1867 ἑοῖο

337 1887 473 1967 ἔλπεται,
500 1890 665 1953 εὐκτεάνου
687 1891 721 1953 δὲ
743 1890 908 1973 ἀτέμβεται
930 1889 1043 1954 οὔποτε
1061 1889 1155 1971 λείης.

335 1974 390 2037 καί
411 1975 426 2035 ἑ
449 1976 525 2057 γυνὴ
550 1974 738 2059 πρόφρασσα
762 1974 1011 2057 φιλοφροσόνησι
1035 1972 1118 2035 νόοιο
1187 1991 1189 1994 ·

338 2057 375 2121 οὐ
396 2060 490 2121 κακδν
517 2059 585 2120 ἀλλ’
610 2058 721 2120 ἐσθλόν
743 2082 771 2120 τι
791 2060 952 2143 ἀμείβεται
975 2057 1081 2140 ῆματα
1101 2060 1212 2120 πάντα.

332 2143 353 2225 ἥ
375 2164 407 2203 τε
433 2141 644 2247 μετερχομένη
667 2146 727 2203 τῶν
753 2142 784 2204 ἐν
809 2143 915 2226 φρεσὶν
936 2139 991 2225 ῆσι
1013 2148 1148 2226 μενοινᾷ,

333 2226 353 2309 ἢ
377 2225 470 2300 λίνον,
494 2227 512 2308 ῆ
537 2248 618 2308 εριον
646 2226 818 2309 φιλερίθοις
840 2228 930 2310 χερσὶ
952 2226 1087 2289 πονεόει.

336 2307 447 2392 τηλόθι
472 2310 501 2372 δ’
528 2310 556 2372 οἱ
578 2309 692 2396 βιότοιο
716 2312 874 2394 πορίζεται
893 2310 947 2393 ῆία
969 2312 1078 2391 πάντα,

337 2395 389 2456 οἷά
411 2417 454 2462 τις
476 2396 658 2478 ἐμπεράμου
683 2395 885 2479 φιλοκερδέος
905 2398 1030 2478 ὠκυάλη
1054 2401 1137 2479 νηῦς.

334 2479 465 2561 καὶγὰρ
491 2479 687 2563 ἐρημολεχῆς
710 2481 814 2586 κοίτης
834 2479 990 2565 ἄγχαυρον
1015 2480 1126 2562 ἀνέστη

335 2562 471 2648 ἐννυχίη,
496 2564 630 2632 ἀταλοὺς
653 2586 830 2646 μενοεικεος
854 2565 871 2628 ό
898 2588 937 2648 ρα
957 2564 1091 2648 κορέσση

334 2645 420 2715 υἱέας
444 2648 608 2731 ἁρμαλιῆς,
632 2649 682 2710 καὶ
706 2649 844 2730 δμωίδας
867 2651 954 2711 ενδον
979 2649 1112 2732 ἐρίθους.
1127 2676 1144 2699 x

332 2733 383 2794 καὶ
404 2733 470 2793 τινά
491 2755 551 2794 που
571 2737 714 2814 πυκινῆσι
735 2733 940 2815 προμηθείαις
965 2733 1092 2816 ὁρόωσα

333 2817 430 2901 ἀγροῦ
452 2839 507 2899 συγ
531 2816 632 2900 όρτοιο
655 2816 824 2879 τιτόσκεται
851 2818 1089 2901 ἀργάδαγαίην.

333 2901 369 2962 ἐκ
388 2900 423 2962 δέ
446 2923 494 2982 μιν
508 2839 692 2984 θργολαβεῖ,
714 2901 821 2984 φίτυσέ
840 2925 872 2964 τε
895 2902 1044 2964 θέσκελον
1069 2901 1174 2985 όρχον.

332 2983 517 3048 θειλόπεδον
542 2985 685 3069 ἐριθηλὲς
709 2987 774 3054 ἑοῖς
795 2985 953 3069 κομέουσα
976 2985 1124 3048 πόνοισιν.

333 3069 369 3131 ἀν
396 3069 430 3132 δὲ
454 3070 509 3151 μὲν
535 3069 665 3153 ότραλέη
692 3069 831 3140 ἐζώσατο
856 3071 1001 3133 εόστολον
1026 3069 1134 3155 ὀσφόν.

333 3153 369 3215 ἀν
395 3154 429 3216 δὲ
453 3152 539 3238 πόνῳ
563 3155 692 3236 κάρτυνε
716 3155 867 3238 βραχίονα
889 3153 1153 3238 καρτερόμοχθον,

334 3237 404 3300 οὐδ’
425 3237 463 3320 ῆς
486 3237 635 3320 ἐμπορίης
657 3240 795 3321 χρηστῆν
820 3237 1027 3321 ἐπιμέμφεται
1050 3240 1163 3301 αἶσαν..

332 3320 544 3404 ἀμφοτέρησιν
568 3320 704 3406 ἔμαρψεν
731 3324 897 3406 ἀτρακτίδα
918 3323 942 3384 τ’
963 3325 1120 3406 ἠλακάτην
1143 3347 1188 3400 τε,

241 3409 245 3416 ’
331 3406 489 3490 ἠλακάτην
513 3408 597 3490 λαιῆ,
620 3409 670 3468 καὶ
693 3407 857 3490 ἀτρακτίδα
883 3409 1068 3492 δεξιτερῆφι.

333 3488 503 3572 λιμαλέοις,
525 3496 681 3575 πενιχροῖς
701 3515 734 3554 τε
759 3493 903 3576 ὑπείρεχε
925 3497 1016 3575 χεῖρα
1042 3492 1170 3577 βοηθὸν,

333 3573 493 3655 λιμαλέοις
519 3574 695 3658 θρέπτειρα,
718 3582 875 3660 πενιχροῖς
898 3576 1110 3662 δλβοδότειρα.

332 3659 432 3720 πάντα
454 3660 483 3720 οἱ
506 3658 537 3720 ἐν
562 3661 708 3743 μεγάροις
728 3660 883 3736 εὐτάκτοις
901 3663 996 3744 νήπια
1019 3660 1111 3723 τέκνα

335 3741 403 3806 οὔτ’
424 3742 530 3806 όθεται
554 3743 669 3829 βορέαο
696 3743 839 3820 δυσαέος,
863 3744 934 3806 οὔτε
957 3744 1076 3829 ἀτόχθη

333 3826 533 3913 ψυχροβόλου
559 3829 687 3912 νιφάδος
707 3829 795 3912 ῥιπῆς
818 3827 1035 3912 δυσπέμφελον
1058 3828 1154 3912 ἦμαρ.
