3000 4725
627 634 777 727 ..BL

266 802 314 861 12.
359 803 412 859 Aa
432 802 599 873 Rutunium,
621 802 702 860 Peos
720 802 843 861 Meliori
861 806 974 862 nomiae
995 803 1137 882 Scaliger.

240 887 351 953 Ocelle
372 885 475 963 magni
498 884 598 963 Belgii
619 884 758 959 Batavis,
996 896 999 903 '

241 974 342 1049 Quam
370 990 429 1029 nou
451 970 564 1029 referre
587 972 715 1047 gratiam
737 989 867 1047 possum
890 972 954 1045 tibi,

240 1057 317 1117 Tuis
341 1056 484 1115 volebam
506 1055 647 1115 laudibus
669 1056 846 1131 rependere,

240 1144 386 1220 Ingratus
407 1158 476 1199 esse
498 1158 537 1205 ne
557 1140 676 1199 viderer
699 1140 840 1200 saeculis.

240 1227 323 1287 Nam
346 1226 395 1284 cui
416 1224 512 1284 modis
533 1224 577 1285 sis
601 1226 755 1302 obligatus
775 1224 924 1302 plurimis,
957 1226 961 1235 '

239 1311 399 1371 Illiberale
425 1318 472 1369 est
494 1330 552 1368 non
573 1310 688 1369 referre
710 1309 847 1387 gratiam.

239 1398 363 1459 Maiora
385 1412 491 1453 rursus
516 1395 625 1455 merita
645 1395 761 1455 cunctis
784 1394 924 1453 laudibus

239 1482 392 1541 Deterere
413 1497 506 1556 parco
528 1480 672 1553 carmine,
702 1481 878 1557 arrogantia
899 1487 955 1539 est.

239 1567 370 1642 Utrique
390 1572 511 1623 cautum
532 1574 580 1625 sat
601 1565 647 1623 rei
668 1565 770 1625 visum
790 1573 838 1624 est
855 1564 939 1638 mibi,

240 1651 354 1711 Grates
381 1650 509 1709 referret
532 1650 558 1708 si
583 1666 681 1709 meam
704 1650 800 1709 vicem
819 1650 874 1708 tibi

239 1736 394 1796 Laudatis
418 1735 489 1805 ista,
508 1753 574 1793 cum
598 1734 714 1811 pudore
733 1735 897 1812 plurimum

161 1854 162 1867 κ
241 1822 371 1881 Habeus
396 1819 522 1891 amoris,
545 1819 739 1897 arrogantiae
761 1819 845 1878 nihil.

244 1992 291 2051 13.
335 1991 376 2047 In
391 1988 541 2047 Lambcrti
563 1988 803 2047 Vasco-bureau
815 1987 978 2046 Historiam
991 1991 1160 2064 protiliticm

537 2074 651 2131 Ducum
675 2072 855 2132 Subuculae.

239 2160 324 2221 Dum
353 2156 476 2235 generis
490 2156 609 2219 ‚seriem
633 2157 684 2216 dat
705 2156 986 2217 vander-burense
1003 2160 1079 2232 orbi,

283 2247 386 2318 Atque
408 2238 618 2301 Sabandorum
641 2242 730 2301 fortia
749 2244 832 2301 facta
851 2241 983 2302 Ducum:

241 2327 402 2390 Historiae
422 2325 537 2386 Herois
563 2346 581 2386 a
603 2328 755 2402 manibus,
775 2328 906 2406 ambigo,
928 2329 978 2388 vel
999 2329 1066 2391 leus

283 2413 428 2474 Manibus
452 2411 566 2472 Herois
590 2413 688 2472 maior
710 2415 749 2472 ab
774 2413 943 2473 Historico.

242 2499 334 2576 Quod
358 2498 385 2556 si
408 2517 470 2556 uon
492 2517 563 2570 una,
590 2497 616 2556 si
640 2517 698 2556 non
718 2499 854 2574 aequalis
876 2499 914 2557 ab
939 2501 1033 2574 omni,

285 2582 349 2645 seu
370 2582 438 2640 laus
461 2582 576 2641 laudati
600 2583 699 2642 maior
719 2585 758 2642 ab
781 2603 833 2642 orc
855 2582 910 2642 viri
933 2592 996 2644 estz

243 2667 277 2731 Si
299 2668 398 2726 maius
423 2685 530 2726 nomen
551 2665 712 2744 Smyrnaei
731 2687 820 2728 musa
841 2668 969 2742 Poetae,

285 2751 384 2826 Quam
404 2759 456 2810 tua
477 2753 619 2812 nobilitas
642 2753 725 2826 fecit,
742 2752 872 2824 Achille,
896 2752 967 2812 tibi:

244 2837 383 2899 Gunuea
403 2837 435 2894 in
454 2837 571 2896 caelum
594 2838 715 2914 propria
734 2839 843 2897 virtute
864 2839 979 2915 recepti

284 2924 325 2982 Et
344 2940 455 3000 genere
475 2930 505 2980 et
526 2923 619 3000 gestis
642 2922 747 2981 inclita
765 2923 854 2982 turba
874 2919 989 2995 Duces,

244 3006 338 3081 Queis
362 3025 504 3084 magnum
529 3007 649 3084 generis
673 3008 765 3067 decus
793 3016 841 3066 est
863 3025 882 3064 a
905 3007 1000 3084 stirpe
1017 3007 1139 3079 vetusti,

285 3092 386 3151 Maius
408 3092 446 3150 ab
469 3091 618 3152 Historici
640 3092 801 3153 nobilitate
822 3091 879 3152 sui.

341 3261 390 3319 rt.
423 3264 462 3320 Iu
484 3262 614 3320 Annales
634 3262 825 3320 Hollcrrdicos
849 3264 919 3319 Iani
940 3263 1068 3320 Douros.

247 3342 322 3405 Sunt
344 3345 453 3420 quibus
476 3355 615 3406 aeternos
634 3347 754 3422 peperit
770 3347 817 3405 vis
837 3347 947 3405 mentis
969 3348 1109 3420 honores,

286 3430 414 3488 Traiani
435 3431 534 3490 medio
560 3449 650 3505 quum
672 3431 788 3489 nituere
809 3432 889 3490 foro.

246 3514 388 3574 Praemia
405 3534 516 3592 magua
537 3515 668 3590 quidem,
691 3516 799 3576 merito
823 3516 878 3574 sed
893 3517 1040 3593 simplice,
1054 3524 1085 3574 et
1099 3534 1160 3575 uno
1228 3515 1242 3556 ⁸

287 3600 347 3658 Hic
371 3601 457 3661 titulo
480 3599 640 3674 Historici‚
665 3600 751 3658 Vatis
775 3601 878 3658 atille
899 3601 977 3660 tulit.

248 3683 307 3746 sed
333 3685 406 3761 quia
426 3685 601 3746 Dousiadcs
624 3685 795 3744 Annalibus
815 3693 902 3744 eruta
920 3687 1030 3762 priscis

287 3770 461 3846 Imparibus
482 3770 590 3829 cecinit
609 3779 696 3847 gesta
716 3769 834 3828 Batava
851 3771 958 3843 modis,

172 3888 177 3899 ·
248 3853 285 3914 ut
306 3875 386 3914 nunc
405 3856 458 3915 ille
483 3855 590 3920 eadem
617 3855 728 3914 saeclis
751 3854 890 3933 miranda
912 3856 1021 3915 futuris
1111 3882 1113 3891 ·
