<?xml version="1.0" encoding="UTF-8"?>
<!DOCTYPE html PUBLIC "-//W3C//DTD XHTML 1.0 Transitional//EN"
    "http://www.w3.org/TR/xhtml1/DTD/xhtml1-transitional.dtd">
<html xmlns="http://www.w3.org/1999/xhtml" xml:lang="en" lang="en">
 <head>
  <title>
</title>
<meta http-equiv="Content-Type" content="text/html;charset=utf-8" />
  <meta name='ocr-system' content='tesseract 3.04.00' />
  <meta name='ocr-capabilities' content='ocr_page ocr_carea ocr_par ocr_line ocrx_word'/>
</head>
<body>
  <div class='ocr_page' id='page_1' title='image "./iosephiscaliger00scalgoog_0320.png"; bbox 0 0 3000 4725; ppageno 0'>
   <div class='ocr_carea' id='block_1_1' title="bbox 755 592 906 688">
    <p class='ocr_par' dir='ltr' id='par_1_1' title="bbox 755 592 906 688">
     <span class='ocr_line' id='line_1_1' title="bbox 755 592 906 688; baseline 0 -37"><span class='ocrx_word' id='word_1_1' title='bbox 755 592 906 688; x_wconf 46' lang='lat' dir='ltr'><em>Q</em></span> 
     </span>
    </p>
   </div>
   <div class='ocr_carea' id='block_1_2' title="bbox 303 756 1233 3896">
    <p class='ocr_par' dir='ltr' id='par_1_2' title="bbox 304 756 1106 839">
     <span class='ocr_line' id='line_1_2' title="bbox 304 756 1106 839; baseline 0.006 -23"><span class='ocrx_word' id='word_1_2' title='bbox 304 762 372 819; x_wconf 80' lang='lat'><strong>10¹0</strong></span> <span class='ocrx_word' id='word_1_3' title='bbox 382 756 455 819; x_wconf 87' lang='lat' dir='ltr'><strong>Sine</strong></span> <span class='ocrx_word' id='word_1_4' title='bbox 477 765 508 817; x_wconf 91' lang='lat' dir='ltr'><strong>te</strong></span> <span class='ocrx_word' id='word_1_5' title='bbox 533 758 681 835; x_wconf 73' lang='lat' dir='ltr'><strong>recipiet?</strong></span> <span class='ocrx_word' id='word_1_6' title='bbox 703 760 842 838; x_wconf 86' lang='lat' dir='ltr'><strong>quippini</strong></span> <span class='ocrx_word' id='word_1_7' title='bbox 864 762 916 837; x_wconf 89' lang='lat' dir='ltr'><strong>qui</strong></span> <span class='ocrx_word' id='word_1_8' title='bbox 937 762 987 820; x_wconf 87' lang='lat' dir='ltr'><strong>vel</strong></span> <span class='ocrx_word' id='word_1_9' title='bbox 1009 782 1106 839; x_wconf 90' lang='lat' dir='ltr'><strong>neque</strong></span> 
     </span>
    </p>

    <p class='ocr_par' dir='ltr' id='par_1_3' title="bbox 379 843 1125 1093">
     <span class='ocr_line' id='line_1_3' title="bbox 379 843 974 921; baseline 0.008 -21"><span class='ocrx_word' id='word_1_10' title='bbox 379 844 416 903; x_wconf 93' lang='lat' dir='ltr'><strong>In</strong></span> <span class='ocrx_word' id='word_1_11' title='bbox 437 862 472 901; x_wconf 88' lang='lat' dir='ltr'><strong>re</strong></span> <span class='ocrx_word' id='word_1_12' title='bbox 494 843 628 902; x_wconf 89' lang='lat' dir='ltr'><strong>secunda</strong></span> <span class='ocrx_word' id='word_1_13' title='bbox 645 845 755 921; x_wconf 86' lang='lat' dir='ltr'><strong>gaudio</strong></span> <span class='ocrx_word' id='word_1_14' title='bbox 777 847 974 906; x_wconf 72' lang='lat' dir='ltr'><strong>diffunditur?</strong></span> 
     </span>
     <span class='ocr_line' id='line_1_4' title="bbox 381 927 1083 1007; baseline 0.004 -20"><span class='ocrx_word' id='word_1_15' title='bbox 381 927 509 987; x_wconf 86' lang='lat' dir='ltr'><strong>Cuinam</strong></span> <span class='ocrx_word' id='word_1_16' title='bbox 530 928 583 987; x_wconf 88' lang='lat' dir='ltr'><strong>ille</strong></span> <span class='ocrx_word' id='word_1_17' title='bbox 605 929 685 987; x_wconf 89' lang='lat' dir='ltr'><strong>dicto</strong></span> <span class='ocrx_word' id='word_1_18' title='bbox 708 940 824 1007; x_wconf 80' lang='lat' dir='ltr'><strong>parcet,</strong></span> <span class='ocrx_word' id='word_1_19' title='bbox 846 942 898 991; x_wconf 87' lang='lat' dir='ltr'><strong>aut</strong></span> <span class='ocrx_word' id='word_1_20' title='bbox 921 932 1083 991; x_wconf 78' lang='lat' dir='ltr'><strong>convicio?</strong></span> 
     </span>
     <span class='ocr_line' id='line_1_5' title="bbox 380 1014 1125 1093; baseline 0.007 -22"><span class='ocrx_word' id='word_1_21' title='bbox 380 1014 430 1071; x_wconf 90' lang='lat' dir='ltr'><strong>Me</strong></span> <span class='ocrx_word' id='word_1_22' title='bbox 453 1014 599 1090; x_wconf 88' lang='lat' dir='ltr'><strong>spurium,</strong></span> <span class='ocrx_word' id='word_1_23' title='bbox 618 1023 649 1073; x_wconf 86' lang='lat' dir='ltr'><strong>ct</strong></span> <span class='ocrx_word' id='word_1_24' title='bbox 670 1014 737 1089; x_wconf 88' lang='lat' dir='ltr'><strong>ipsa</strong></span> <span class='ocrx_word' id='word_1_25' title='bbox 758 1016 869 1075; x_wconf 86' lang='lat' dir='ltr'><strong>bellice</strong></span> <span class='ocrx_word' id='word_1_26' title='bbox 890 1018 1003 1093; x_wconf 84' lang='lat' dir='ltr'><strong>praeda</strong></span> <span class='ocrx_word' id='word_1_27' title='bbox 1029 1026 1125 1076; x_wconf 81' lang='lat' dir='ltr'><strong>satum</strong></span> 
     </span>
    </p>

    <p class='ocr_par' dir='ltr' id='par_1_4' title="bbox 380 1098 1021 1175">
     <span class='ocr_line' id='line_1_6' title="bbox 380 1098 1021 1175; baseline 0.008 -20"><span class='ocrx_word' id='word_1_28' title='bbox 380 1098 547 1175; x_wconf 86' lang='lat' dir='ltr'><strong>Ignaviane</strong></span> <span class='ocrx_word' id='word_1_29' title='bbox 570 1099 691 1171; x_wconf 88' lang='lat' dir='ltr'><strong>mentis,</strong></span> <span class='ocrx_word' id='word_1_30' title='bbox 712 1118 753 1159; x_wconf 90' lang='lat' dir='ltr'><strong>an</strong></span> <span class='ocrx_word' id='word_1_31' title='bbox 773 1109 864 1175; x_wconf 89' lang='lat' dir='ltr'><strong>metu,</strong></span> <span class='ocrx_word' id='word_1_32' title='bbox 887 1122 927 1160; x_wconf 87' lang='lat' dir='ltr'><strong>au</strong></span> <span class='ocrx_word' id='word_1_33' title='bbox 949 1101 1021 1161; x_wconf 90' lang='lat' dir='ltr'><strong>dolo</strong></span> 
     </span>
    </p>

    <p class='ocr_par' dir='ltr' id='par_1_5' title="bbox 304 1182 1109 1518">
     <span class='ocr_line' id='line_1_7' title="bbox 304 1182 1007 1267; baseline 0.009 -27"><span class='ocrx_word' id='word_1_34' title='bbox 304 1188 370 1242; x_wconf 85' lang='lat'>1015</span> <span class='ocrx_word' id='word_1_35' title='bbox 380 1182 426 1241; x_wconf 87' lang='lat' dir='ltr'><strong>Te</strong></span> <span class='ocrx_word' id='word_1_36' title='bbox 447 1183 632 1259; x_wconf 73' lang='lat' dir='ltr'><strong>prodidisse,</strong></span> <span class='ocrx_word' id='word_1_37' title='bbox 654 1184 749 1243; x_wconf 86' lang='lat' dir='ltr'><strong>frater</strong></span> <span class='ocrx_word' id='word_1_38' title='bbox 770 1186 860 1258; x_wconf 84' lang='lat' dir='ltr'><strong>Aiax,</strong></span> <span class='ocrx_word' id='word_1_39' title='bbox 885 1196 919 1267; x_wconf 88' lang='lat' dir='ltr'><strong>ut</strong></span> <span class='ocrx_word' id='word_1_40' title='bbox 938 1195 1007 1246; x_wconf 83' lang='lat' dir='ltr'><strong>tuas</strong></span> 
     </span>
     <span class='ocr_line' id='line_1_8' title="bbox 379 1268 1109 1347; baseline 0.004 -20"><span class='ocrx_word' id='word_1_41' title='bbox 379 1268 510 1343; x_wconf 83' lang='lat' dir='ltr'><strong>Demos,</strong></span> <span class='ocrx_word' id='word_1_42' title='bbox 528 1276 558 1325; x_wconf 89' lang='lat' dir='ltr'><strong>et</strong></span> <span class='ocrx_word' id='word_1_43' title='bbox 574 1285 692 1328; x_wconf 89' lang='lat' dir='ltr'><strong>omnem</strong></span> <span class='ocrx_word' id='word_1_44' title='bbox 715 1271 903 1347; x_wconf 80' lang='lat' dir='ltr'><strong>possiderem</strong></span> <span class='ocrx_word' id='word_1_45' title='bbox 926 1272 1109 1331; x_wconf 83' lang='lat' dir='ltr'><strong>habentiarn.</strong></span> 
     </span>
     <span class='ocr_line' id='line_1_9' title="bbox 381 1352 993 1433; baseline 0.007 -22"><span class='ocrx_word' id='word_1_46' title='bbox 381 1352 472 1411; x_wconf 80' lang='lat' dir='ltr'><strong>Talia</strong></span> <span class='ocrx_word' id='word_1_47' title='bbox 494 1372 618 1412; x_wconf 86' lang='lat' dir='ltr'><strong>severus</strong></span> <span class='ocrx_word' id='word_1_48' title='bbox 642 1373 798 1431; x_wconf 74' lang='lat' dir='ltr'><strong>perperam</strong></span> <span class='ocrx_word' id='word_1_49' title='bbox 823 1357 993 1433; x_wconf 87' lang='lat' dir='ltr'><strong>profabitur</strong></span> 
     </span>
     <span class='ocr_line' id='line_1_10' title="bbox 379 1440 1005 1518; baseline 0.005 -21"><span class='ocrx_word' id='word_1_50' title='bbox 379 1441 479 1513; x_wconf 83' lang='lat' dir='ltr'><strong>Asper</strong></span> <span class='ocrx_word' id='word_1_51' title='bbox 502 1447 636 1512; x_wconf 89' lang='lat' dir='ltr'><strong>senecta,</strong></span> <span class='ocrx_word' id='word_1_52' title='bbox 660 1440 767 1518; x_wconf 84' lang='lat' dir='ltr'><strong>iurgiis</strong></span> <span class='ocrx_word' id='word_1_53' title='bbox 794 1449 884 1499; x_wconf 86' lang='lat' dir='ltr'><strong>atrox</strong></span> <span class='ocrx_word' id='word_1_54' title='bbox 905 1442 1005 1500; x_wconf 83' lang='lat' dir='ltr'><strong>homo.</strong></span> 
     </span>
    </p>

    <p class='ocr_par' dir='ltr' id='par_1_6' title="bbox 380 1522 956 1600">
     <span class='ocr_line' id='line_1_11' title="bbox 380 1522 956 1600; baseline -0.002 -16"><span class='ocrx_word' id='word_1_55' title='bbox 380 1522 454 1584; x_wconf 86' lang='lat' dir='ltr'><strong>Solo</strong></span> <span class='ocrx_word' id='word_1_56' title='bbox 475 1532 601 1599; x_wconf 85' lang='lat' dir='ltr'><strong>paterno</strong></span> <span class='ocrx_word' id='word_1_57' title='bbox 622 1524 803 1583; x_wconf 84' lang='lat' dir='ltr'><strong>eliminabor</strong></span> <span class='ocrx_word' id='word_1_58' title='bbox 825 1527 956 1600; x_wconf 88' lang='lat' dir='ltr'><strong>deniqne</strong></span> 
     </span>
    </p>

    <p class='ocr_par' dir='ltr' id='par_1_7' title="bbox 304 1604 1205 1941">
     <span class='ocr_line' id='line_1_12' title="bbox 304 1604 1070 1686; baseline -0.008 -15"><span class='ocrx_word' id='word_1_59' title='bbox 304 1604 371 1671; x_wconf 59' lang='lat'><strong>1020</strong></span> <span class='ocrx_word' id='word_1_60' title='bbox 381 1607 528 1668; x_wconf 85' lang='lat' dir='ltr'><strong>Sermone</strong></span> <span class='ocrx_word' id='word_1_61' title='bbox 549 1610 645 1686; x_wconf 88' lang='lat' dir='ltr'><strong>patris</strong></span> <span class='ocrx_word' id='word_1_62' title='bbox 667 1628 787 1683; x_wconf 88' lang='lat' dir='ltr'><strong>servus,</strong></span> <span class='ocrx_word' id='word_1_63' title='bbox 809 1620 840 1668; x_wconf 89' lang='lat' dir='ltr'><strong>et</strong></span> <span class='ocrx_word' id='word_1_64' title='bbox 860 1611 939 1669; x_wconf 88' lang='lat' dir='ltr'><strong>liber</strong></span> <span class='ocrx_word' id='word_1_65' title='bbox 959 1620 1070 1668; x_wconf 76' lang='lat' dir='ltr'><strong>temen</strong></span> 
     </span>
     <span class='ocr_line' id='line_1_13' title="bbox 378 1692 1205 1769; baseline -0.002 -18"><span class='ocrx_word' id='word_1_66' title='bbox 378 1694 419 1751; x_wconf 86' lang='lat' dir='ltr'><strong>Et</strong></span> <span class='ocrx_word' id='word_1_67' title='bbox 439 1694 515 1752; x_wconf 83' lang='lat' dir='ltr'><strong>haec</strong></span> <span class='ocrx_word' id='word_1_68' title='bbox 535 1694 654 1769; x_wconf 88' lang='lat' dir='ltr'><strong>quidem</strong></span> <span class='ocrx_word' id='word_1_69' title='bbox 678 1695 767 1753; x_wconf 85' lang='lat' dir='ltr'><strong>dorni.</strong></span> <span class='ocrx_word' id='word_1_70' title='bbox 790 1704 840 1755; x_wconf 86' lang='lat' dir='ltr'><strong>ast</strong></span> <span class='ocrx_word' id='word_1_71' title='bbox 860 1715 910 1754; x_wconf 89' lang='lat' dir='ltr'><strong>me</strong></span> <span class='ocrx_word' id='word_1_72' title='bbox 928 1696 960 1753; x_wconf 89' lang='lat' dir='ltr'><strong>in</strong></span> <span class='ocrx_word' id='word_1_73' title='bbox 980 1695 1063 1753; x_wconf 87' lang='lat' dir='ltr'><strong>arvis</strong></span> <span class='ocrx_word' id='word_1_74' title='bbox 1086 1692 1205 1751; x_wconf 88' lang='lat' dir='ltr'><strong>Troicis</strong></span> 
     </span>
     <span class='ocr_line' id='line_1_14' title="bbox 381 1778 1006 1855; baseline -0.003 -16"><span class='ocrx_word' id='word_1_75' title='bbox 381 1778 482 1839; x_wconf 88' lang='lat' dir='ltr'><strong>Odere</strong></span> <span class='ocrx_word' id='word_1_76' title='bbox 507 1778 603 1848; x_wconf 88' lang='lat' dir='ltr'><strong>multi,</strong></span> <span class='ocrx_word' id='word_1_77' title='bbox 623 1780 677 1837; x_wconf 90' lang='lat' dir='ltr'><strong>sed</strong></span> <span class='ocrx_word' id='word_1_78' title='bbox 695 1780 800 1839; x_wconf 83' lang='lat' dir='ltr'><strong>favent</strong></span> <span class='ocrx_word' id='word_1_79' title='bbox 821 1781 1006 1855; x_wconf 85' lang='lat' dir='ltr'><strong>paucissimi.</strong></span> 
     </span>
     <span class='ocr_line' id='line_1_15' title="bbox 379 1864 1071 1941; baseline 0 -21"><span class='ocrx_word' id='word_1_80' title='bbox 379 1864 563 1939; x_wconf 87' lang='lat' dir='ltr'><strong>Iethuneque</strong></span> <span class='ocrx_word' id='word_1_81' title='bbox 581 1864 708 1922; x_wconf 87' lang='lat' dir='ltr'><strong>fructum</strong></span> <span class='ocrx_word' id='word_1_82' title='bbox 732 1873 830 1924; x_wconf 88' lang='lat' dir='ltr'><strong>morte</strong></span> <span class='ocrx_word' id='word_1_83' title='bbox 850 1864 986 1941; x_wconf 88' lang='lat' dir='ltr'><strong>percipio</strong></span> <span class='ocrx_word' id='word_1_84' title='bbox 1010 1872 1071 1921; x_wconf 82' lang='lat' dir='ltr'><strong>trra.</strong></span> 
     </span>
    </p>

    <p class='ocr_par' dir='ltr' id='par_1_8' title="bbox 379 1947 1201 2026">
     <span class='ocr_line' id='line_1_16' title="bbox 379 1947 1201 2026; baseline -0.002 -21"><span class='ocrx_word' id='word_1_85' title='bbox 379 1947 472 2006; x_wconf 90' lang='lat' dir='ltr'><strong>Perii.</strong></span> <span class='ocrx_word' id='word_1_86' title='bbox 494 1949 565 2023; x_wconf 87' lang='lat' dir='ltr'><strong>quid</strong></span> <span class='ocrx_word' id='word_1_87' title='bbox 587 1950 682 2026; x_wconf 81' lang='lat' dir='ltr'><strong>ergo?</strong></span> <span class='ocrx_word' id='word_1_88' title='bbox 701 1950 855 2025; x_wconf 91' lang='lat' dir='ltr'><strong>quomodo</strong></span> <span class='ocrx_word' id='word_1_89' title='bbox 876 1959 918 2023; x_wconf 88' lang='lat' dir='ltr'><strong>te,</strong></span> <span class='ocrx_word' id='word_1_90' title='bbox 938 1949 1073 2024; x_wconf 84' lang='lat' dir='ltr'><strong>inquam,</strong></span> <span class='ocrx_word' id='word_1_91' title='bbox 1092 1966 1201 2004; x_wconf 85' lang='lat' dir='ltr'><strong>exuam</strong></span> 
     </span>
    </p>

    <p class='ocr_par' dir='ltr' id='par_1_9' title="bbox 303 2032 1135 2195">
     <span class='ocr_line' id='line_1_17' title="bbox 303 2032 1135 2109; baseline -0.006 -14"><span class='ocrx_word' id='word_1_92' title='bbox 303 2040 371 2095; x_wconf 68' lang='lat'><strong>1025</strong></span> <span class='ocrx_word' id='word_1_93' title='bbox 380 2032 554 2092; x_wconf 88' lang='lat' dir='ltr'><strong>Dirissumo</strong></span> <span class='ocrx_word' id='word_1_94' title='bbox 575 2033 676 2093; x_wconf 89' lang='lat' dir='ltr'><strong>isthoc</strong></span> <span class='ocrx_word' id='word_1_95' title='bbox 697 2036 794 2093; x_wconf 84' lang='lat' dir='ltr'><strong>ense?</strong></span> <span class='ocrx_word' id='word_1_96' title='bbox 816 2036 872 2092; x_wconf 90' lang='lat' dir='ltr'><strong>sub</strong></span> <span class='ocrx_word' id='word_1_97' title='bbox 895 2034 978 2109; x_wconf 88' lang='lat' dir='ltr'><strong>quali</strong></span> <span class='ocrx_word' id='word_1_98' title='bbox 996 2035 1056 2091; x_wconf 86' lang='lat' dir='ltr'><strong>heu</strong></span> <span class='ocrx_word' id='word_1_99' title='bbox 1078 2032 1135 2091; x_wconf 85' lang='lat' dir='ltr'><strong>tibi</strong></span> 
     </span>
     <span class='ocr_line' id='line_1_18' title="bbox 380 2116 1055 2195; baseline 0.001 -20"><span class='ocrx_word' id='word_1_100' title='bbox 380 2116 538 2175; x_wconf 89' lang='lat' dir='ltr'><strong>Carnufice</strong></span> <span class='ocrx_word' id='word_1_101' title='bbox 560 2120 622 2176; x_wconf 90' lang='lat' dir='ltr'><strong>vita</strong></span> <span class='ocrx_word' id='word_1_102' title='bbox 641 2120 753 2195; x_wconf 76' lang='lat' dir='ltr'><strong>periit?</strong></span> <span class='ocrx_word' id='word_1_103' title='bbox 774 2118 891 2178; x_wconf 88' lang='lat' dir='ltr'><strong>Hector</strong></span> <span class='ocrx_word' id='word_1_104' title='bbox 912 2119 1055 2195; x_wconf 84' lang='lat' dir='ltr'><strong>denique,</strong></span> 
     </span>
    </p>

    <p class='ocr_par' dir='ltr' id='par_1_10' title="bbox 303 2201 1228 3301">
     <span class='ocr_line' id='line_1_19' title="bbox 379 2201 1029 2279; baseline 0.002 -19"><span class='ocrx_word' id='word_1_105' title='bbox 379 2201 447 2260; x_wconf 88' lang='lat' dir='ltr'><strong>Nec</strong></span> <span class='ocrx_word' id='word_1_106' title='bbox 465 2222 503 2260; x_wconf 90' lang='lat' dir='ltr'><strong>ne</strong></span> <span class='ocrx_word' id='word_1_107' title='bbox 528 2203 658 2275; x_wconf 84' lang='lat' dir='ltr'><strong>sciebas,</strong></span> <span class='ocrx_word' id='word_1_108' title='bbox 681 2212 712 2263; x_wconf 91' lang='lat' dir='ltr'><strong>te</strong></span> <span class='ocrx_word' id='word_1_109' title='bbox 733 2204 861 2279; x_wconf 88' lang='lat' dir='ltr'><strong>peremit</strong></span> <span class='ocrx_word' id='word_1_110' title='bbox 885 2213 1029 2263; x_wconf 89' lang='lat' dir='ltr'><strong>mortuus.</strong></span> 
     </span>
     <span class='ocr_line' id='line_1_20' title="bbox 378 2287 1027 2364; baseline 0.003 -19"><span class='ocrx_word' id='word_1_111' title='bbox 378 2287 487 2345; x_wconf 89' lang='lat' dir='ltr'><strong>Videte</strong></span> <span class='ocrx_word' id='word_1_112' title='bbox 511 2305 600 2347; x_wconf 88' lang='lat' dir='ltr'><strong>casus</strong></span> <span class='ocrx_word' id='word_1_113' title='bbox 622 2306 676 2364; x_wconf 88' lang='lat' dir='ltr'><strong>per</strong></span> <span class='ocrx_word' id='word_1_114' title='bbox 693 2289 781 2350; x_wconf 88' lang='lat' dir='ltr'><strong>Deos</strong></span> <span class='ocrx_word' id='word_1_115' title='bbox 805 2289 896 2347; x_wconf 84' lang='lat' dir='ltr'><strong>dudm</strong></span> <span class='ocrx_word' id='word_1_116' title='bbox 921 2290 1027 2347; x_wconf 84' lang='lat' dir='ltr'><strong>virdm.</strong></span> 
     </span>
     <span class='ocr_line' id='line_1_21' title="bbox 379 2372 990 2448; baseline 0.008 -19"><span class='ocrx_word' id='word_1_117' title='bbox 379 2372 450 2444; x_wconf 91' lang='lat' dir='ltr'><strong>Illo,</strong></span> <span class='ocrx_word' id='word_1_118' title='bbox 474 2373 555 2448; x_wconf 90' lang='lat' dir='ltr'><strong>quod</strong></span> <span class='ocrx_word' id='word_1_119' title='bbox 574 2374 655 2431; x_wconf 85' lang='lat' dir='ltr'><strong>Aiax</strong></span> <span class='ocrx_word' id='word_1_120' title='bbox 678 2385 862 2447; x_wconf 76' lang='lat' dir='ltr'><strong>muneraret,</strong></span> <span class='ocrx_word' id='word_1_121' title='bbox 887 2373 990 2434; x_wconf 84' lang='lat' dir='ltr'><strong>balteo</strong></span> 
     </span>
     <span class='ocr_line' id='line_1_22' title="bbox 304 2457 997 2532; baseline 0.004 -18"><span class='ocrx_word' id='word_1_122' title='bbox 304 2457 538 2522; x_wconf 85' lang='lat' dir='ltr'><strong>1030Traiectos</strong></span> <span class='ocrx_word' id='word_1_123' title='bbox 562 2457 675 2516; x_wconf 84' lang='lat' dir='ltr'><strong>Hector</strong></span> <span class='ocrx_word' id='word_1_124' title='bbox 696 2479 712 2516; x_wconf 89' lang='lat' dir='ltr'><strong>e</strong></span> <span class='ocrx_word' id='word_1_125' title='bbox 735 2459 888 2519; x_wconf 88' lang='lat' dir='ltr'><strong>curulibus</strong></span> <span class='ocrx_word' id='word_1_126' title='bbox 909 2460 997 2532; x_wconf 90' lang='lat' dir='ltr'><strong>rotis,</strong></span> 
     </span>
     <span class='ocr_line' id='line_1_23' title="bbox 379 2541 1134 2621; baseline 0.005 -21"><span class='ocrx_word' id='word_1_127' title='bbox 379 2541 529 2618; x_wconf 78' lang='lat' dir='ltr'><strong>Raptatus</strong></span> <span class='ocrx_word' id='word_1_128' title='bbox 552 2561 649 2619; x_wconf 88' lang='lat' dir='ltr'><strong>usque</strong></span> <span class='ocrx_word' id='word_1_129' title='bbox 671 2552 719 2604; x_wconf 87' lang='lat' dir='ltr'><strong>est</strong></span> <span class='ocrx_word' id='word_1_130' title='bbox 738 2545 878 2603; x_wconf 89' lang='lat' dir='ltr'><strong>donicum</strong></span> <span class='ocrx_word' id='word_1_131' title='bbox 903 2545 1134 2621; x_wconf 80' lang='lat' dir='ltr'><strong>exspirasceret.</strong></span> 
     </span>
     <span class='ocr_line' id='line_1_24' title="bbox 380 2625 1081 2704; baseline 0.003 -18"><span class='ocrx_word' id='word_1_132' title='bbox 380 2625 495 2686; x_wconf 84' lang='lat' dir='ltr'><strong>Contra</strong></span> <span class='ocrx_word' id='word_1_133' title='bbox 515 2628 573 2686; x_wconf 86' lang='lat' dir='ltr'><strong>iste</strong></span> <span class='ocrx_word' id='word_1_134' title='bbox 595 2629 718 2703; x_wconf 88' lang='lat' dir='ltr'><strong>capiens</strong></span> <span class='ocrx_word' id='word_1_135' title='bbox 739 2648 848 2687; x_wconf 89' lang='lat' dir='ltr'><strong>munus</strong></span> <span class='ocrx_word' id='word_1_136' title='bbox 872 2629 956 2688; x_wconf 87' lang='lat' dir='ltr'><strong>illius</strong></span> <span class='ocrx_word' id='word_1_137' title='bbox 980 2649 1081 2704; x_wconf 84' lang='lat' dir='ltr'><strong>mauu,</strong></span> 
     </span>
     <span class='ocr_line' id='line_1_25' title="bbox 380 2712 1027 2790; baseline 0.005 -21"><span class='ocrx_word' id='word_1_138' title='bbox 380 2712 521 2771; x_wconf 86' lang='lat' dir='ltr'><strong>Incubuit</strong></span> <span class='ocrx_word' id='word_1_139' title='bbox 542 2712 598 2784; x_wconf 89' lang='lat' dir='ltr'><strong>illi,</strong></span> <span class='ocrx_word' id='word_1_140' title='bbox 623 2723 719 2772; x_wconf 89' lang='lat' dir='ltr'><strong>morte</strong></span> <span class='ocrx_word' id='word_1_141' title='bbox 739 2733 884 2790; x_wconf 88' lang='lat' dir='ltr'><strong>pessuma</strong></span> <span class='ocrx_word' id='word_1_142' title='bbox 905 2715 1027 2774; x_wconf 91' lang='lat' dir='ltr'><strong>cadens.</strong></span> 
     </span>
     <span class='ocr_line' id='line_1_26' title="bbox 379 2798 1228 2875; baseline 0.009 -20"><span class='ocrx_word' id='word_1_143' title='bbox 379 2799 498 2872; x_wconf 89' lang='lat' dir='ltr'><strong>Mirum,</strong></span> <span class='ocrx_word' id='word_1_144' title='bbox 519 2798 550 2854; x_wconf 90' lang='lat' dir='ltr'><strong>ni</strong></span> <span class='ocrx_word' id='word_1_145' title='bbox 572 2806 730 2875; x_wconf 88' lang='lat' dir='ltr'><strong>utrumque</strong></span> <span class='ocrx_word' id='word_1_146' title='bbox 749 2819 870 2872; x_wconf 88' lang='lat' dir='ltr'><strong>munus,</strong></span> <span class='ocrx_word' id='word_1_147' title='bbox 891 2818 994 2857; x_wconf 86' lang='lat' dir='ltr'><strong>ensem</strong></span> <span class='ocrx_word' id='word_1_148' title='bbox 1017 2800 1097 2860; x_wconf 87' lang='lat' dir='ltr'><strong>hunc</strong></span> <span class='ocrx_word' id='word_1_149' title='bbox 1120 2805 1228 2863; x_wconf 88' lang='lat' dir='ltr'><strong>scilicet</strong></span> 
     </span>
     <span class='ocr_line' id='line_1_27' title="bbox 303 2882 1044 2956; baseline 0 -14"><span class='ocrx_word' id='word_1_150' title='bbox 303 2890 369 2944; x_wconf 83' lang='lat'>10³5</span> <span class='ocrx_word' id='word_1_151' title='bbox 379 2883 482 2956; x_wconf 85' lang='lat' dir='ltr'><strong>Furia,</strong></span> <span class='ocrx_word' id='word_1_152' title='bbox 502 2891 533 2939; x_wconf 90' lang='lat' dir='ltr'><strong>et</strong></span> <span class='ocrx_word' id='word_1_153' title='bbox 553 2882 584 2939; x_wconf 90' lang='lat' dir='ltr'><strong>id</strong></span> <span class='ocrx_word' id='word_1_154' title='bbox 608 2883 706 2942; x_wconf 88' lang='lat' dir='ltr'><strong>Orcus</strong></span> <span class='ocrx_word' id='word_1_155' title='bbox 727 2885 884 2943; x_wconf 86' lang='lat' dir='ltr'><strong>fabricarit</strong></span> <span class='ocrx_word' id='word_1_156' title='bbox 902 2885 1044 2942; x_wconf 83' lang='lat' dir='ltr'><strong>balteum.</strong></span> 
     </span>
     <span class='ocr_line' id='line_1_28' title="bbox 378 2969 1115 3045; baseline 0.004 -19"><span class='ocrx_word' id='word_1_157' title='bbox 378 2969 445 3045; x_wconf 83' lang='lat' dir='ltr'><strong>Ego</strong></span> <span class='ocrx_word' id='word_1_158' title='bbox 469 2985 580 3026; x_wconf 87' lang='lat' dir='ltr'><strong>censeo</strong></span> <span class='ocrx_word' id='word_1_159' title='bbox 603 2969 672 3030; x_wconf 88' lang='lat' dir='ltr'><strong>ista.</strong></span> <span class='ocrx_word' id='word_1_160' title='bbox 704 2977 734 3026; x_wconf 87' lang='lat' dir='ltr'><strong>et</strong></span> <span class='ocrx_word' id='word_1_161' title='bbox 752 2969 828 3027; x_wconf 87' lang='lat' dir='ltr'><strong>talia</strong></span> <span class='ocrx_word' id='word_1_162' title='bbox 847 2969 990 3045; x_wconf 86' lang='lat' dir='ltr'><strong>pleraque</strong></span> <span class='ocrx_word' id='word_1_163' title='bbox 1012 2972 1115 3029; x_wconf 84' lang='lat' dir='ltr'><strong>ornnia</strong></span> 
     </span>
     <span class='ocr_line' id='line_1_29' title="bbox 378 3052 1026 3128; baseline 0.003 -18"><span class='ocrx_word' id='word_1_164' title='bbox 378 3052 465 3112; x_wconf 88' lang='lat' dir='ltr'><strong>Deos</strong></span> <span class='ocrx_word' id='word_1_165' title='bbox 488 3071 647 3128; x_wconf 87' lang='lat' dir='ltr'><strong>supremos</strong></span> <span class='ocrx_word' id='word_1_166' title='bbox 666 3054 698 3110; x_wconf 88' lang='lat' dir='ltr'><strong>in</strong></span> <span class='ocrx_word' id='word_1_167' title='bbox 721 3054 861 3114; x_wconf 89' lang='lat' dir='ltr'><strong>homiues</strong></span> <span class='ocrx_word' id='word_1_168' title='bbox 883 3055 1026 3112; x_wconf 87' lang='lat' dir='ltr'><strong>molirier.</strong></span> 
     </span>
     <span class='ocr_line' id='line_1_30' title="bbox 379 3136 1082 3213; baseline 0.007 -20"><span class='ocrx_word' id='word_1_169' title='bbox 379 3136 512 3196; x_wconf 84' lang='lat' dir='ltr'><strong>Diversa</strong></span> <span class='ocrx_word' id='word_1_170' title='bbox 535 3138 589 3196; x_wconf 88' lang='lat' dir='ltr'><strong>sed</strong></span> <span class='ocrx_word' id='word_1_171' title='bbox 612 3139 662 3213; x_wconf 92' lang='lat' dir='ltr'><strong>qui</strong></span> <span class='ocrx_word' id='word_1_172' title='bbox 685 3141 787 3212; x_wconf 85' lang='lat' dir='ltr'><strong>sentit,</strong></span> <span class='ocrx_word' id='word_1_173' title='bbox 814 3148 865 3196; x_wconf 85' lang='lat' dir='ltr'><strong>aut</strong></span> <span class='ocrx_word' id='word_1_174' title='bbox 887 3139 948 3196; x_wconf 88' lang='lat' dir='ltr'><strong>alia</strong></span> <span class='ocrx_word' id='word_1_175' title='bbox 962 3141 1082 3213; x_wconf 83' lang='lat' dir='ltr'><strong>omnia,</strong></span> 
     </span>
     <span class='ocr_line' id='line_1_31' title="bbox 380 3220 963 3301; baseline 0.003 -20"><span class='ocrx_word' id='word_1_176' title='bbox 380 3220 538 3281; x_wconf 88' lang='lat' dir='ltr'><strong>Sententia</strong></span> <span class='ocrx_word' id='word_1_177' title='bbox 561 3241 617 3281; x_wconf 89' lang='lat' dir='ltr'><strong>sua</strong></span> <span class='ocrx_word' id='word_1_178' title='bbox 641 3231 699 3281; x_wconf 89' lang='lat' dir='ltr'><strong>stet</strong></span> <span class='ocrx_word' id='word_1_179' title='bbox 719 3225 785 3299; x_wconf 86' lang='lat' dir='ltr'><strong>ille,</strong></span> <span class='ocrx_word' id='word_1_180' title='bbox 808 3243 865 3301; x_wconf 83' lang='lat' dir='ltr'><strong>ego</strong></span> <span class='ocrx_word' id='word_1_181' title='bbox 887 3244 963 3283; x_wconf 88' lang='lat' dir='ltr'><strong>mea.</strong></span> 
     </span>
    </p>

    <p class='ocr_par' dir='ltr' id='par_1_11' title="bbox 304 3304 1233 3640">
     <span class='ocr_line' id='line_1_32' title="bbox 304 3304 1233 3385; baseline -0.001 -17"><span class='ocrx_word' id='word_1_182' title='bbox 304 3316 371 3368; x_wconf 73' lang='lat'>1040</span> <span class='ocrx_word' id='word_1_183' title='bbox 381 3304 436 3364; x_wconf 75' lang='lat' dir='ltr'><strong>Oh:</strong></span> <span class='ocrx_word' id='word_1_184' title='bbox 479 3306 658 3367; x_wconf 91' lang='lat' dir='ltr'><strong>Orationem</strong></span> <span class='ocrx_word' id='word_1_185' title='bbox 679 3310 853 3384; x_wconf 72' lang='lat' dir='ltr'><strong>comprime,</strong></span> <span class='ocrx_word' id='word_1_186' title='bbox 883 3317 973 3385; x_wconf 85' lang='lat' dir='ltr'><strong>atque</strong></span> <span class='ocrx_word' id='word_1_187' title='bbox 994 3318 1028 3367; x_wconf 90' lang='lat' dir='ltr'><strong>ut</strong></span> <span class='ocrx_word' id='word_1_188' title='bbox 1049 3309 1130 3367; x_wconf 80' lang='lat' dir='ltr'><strong>huuc</strong></span> <span class='ocrx_word' id='word_1_189' title='bbox 1150 3312 1233 3370; x_wconf 85' lang='lat' dir='ltr'><strong>virum</strong></span> 
     </span>
     <span class='ocr_line' id='line_1_33' title="bbox 378 3391 1111 3482; baseline 0.005 -34"><span class='ocrx_word' id='word_1_190' title='bbox 378 3391 506 3450; x_wconf 87' lang='lat' dir='ltr'><strong>Mandes</strong></span> <span class='ocrx_word' id='word_1_191' title='bbox 529 3393 702 3468; x_wconf 87' lang='lat' dir='ltr'><strong>sepulchro,</strong></span> <span class='ocrx_word' id='word_1_192' title='bbox 728 3395 838 3468; x_wconf 83' lang='lat' dir='ltr'><strong>quidve</strong></span> <span class='ocrx_word' id='word_1_193' title='bbox 860 3394 954 3467; x_wconf 89' lang='lat' dir='ltr'><strong>dicas,</strong></span> <span class='ocrx_word' id='word_1_194' title='bbox 976 3394 1111 3482; x_wconf 79' lang='lat' dir='ltr'><strong>provide.</strong></span> 
     </span>
     <span class='ocr_line' id='line_1_34' title="bbox 378 3475 1125 3553; baseline 0.005 -21"><span class='ocrx_word' id='word_1_195' title='bbox 378 3475 475 3534; x_wconf 85' lang='lat' dir='ltr'><strong>Adest</strong></span> <span class='ocrx_word' id='word_1_196' title='bbox 495 3494 601 3553; x_wconf 86' lang='lat' dir='ltr'><strong>parum</strong></span> <span class='ocrx_word' id='word_1_197' title='bbox 622 3480 668 3536; x_wconf 92' lang='lat' dir='ltr'><strong>vir</strong></span> <span class='ocrx_word' id='word_1_198' title='bbox 686 3497 817 3552; x_wconf 88' lang='lat' dir='ltr'><strong>aequus;</strong></span> <span class='ocrx_word' id='word_1_199' title='bbox 842 3487 873 3536; x_wconf 92' lang='lat' dir='ltr'><strong>et</strong></span> <span class='ocrx_word' id='word_1_200' title='bbox 891 3480 972 3538; x_wconf 82' lang='lat' dir='ltr'><strong>forte</strong></span> <span class='ocrx_word' id='word_1_201' title='bbox 991 3479 1125 3552; x_wconf 84' lang='lat' dir='ltr'><strong>advenit,</strong></span> 
     </span>
     <span class='ocr_line' id='line_1_35' title="bbox 378 3559 1111 3640; baseline 0.004 -21"><span class='ocrx_word' id='word_1_202' title='bbox 378 3559 494 3637; x_wconf 91' lang='lat' dir='ltr'><strong>Utpote</strong></span> <span class='ocrx_word' id='word_1_203' title='bbox 512 3563 674 3640; x_wconf 84' lang='lat' dir='ltr'><strong>malignus,</strong></span> <span class='ocrx_word' id='word_1_204' title='bbox 701 3573 809 3622; x_wconf 88' lang='lat' dir='ltr'><strong>nostra</strong></span> <span class='ocrx_word' id='word_1_205' title='bbox 826 3572 859 3621; x_wconf 90' lang='lat' dir='ltr'><strong>ut</strong></span> <span class='ocrx_word' id='word_1_206' title='bbox 876 3565 1003 3624; x_wconf 87' lang='lat' dir='ltr'><strong>insultet</strong></span> <span class='ocrx_word' id='word_1_207' title='bbox 1020 3564 1111 3622; x_wconf 81' lang='lat' dir='ltr'><strong>mala.</strong></span> 
     </span>
    </p>

    <p class='ocr_par' dir='ltr' id='par_1_12' title="bbox 381 3644 1177 3725">
     <span class='ocr_line' id='line_1_36' title="bbox 381 3644 1177 3725; baseline 0.004 -22"><span class='ocrx_word' id='word_1_208' title='bbox 381 3644 455 3703; x_wconf 86' lang='lat' dir='ltr'><strong>Teu.</strong></span> <span class='ocrx_word' id='word_1_209' title='bbox 481 3645 559 3721; x_wconf 77' lang='lat' dir='ltr'><strong>Quis</strong></span> <span class='ocrx_word' id='word_1_210' title='bbox 581 3656 636 3720; x_wconf 88' lang='lat' dir='ltr'><strong>cst,</strong></span> <span class='ocrx_word' id='word_1_211' title='bbox 657 3651 695 3706; x_wconf 93' lang='lat' dir='ltr'><strong>ab</strong></span> <span class='ocrx_word' id='word_1_212' title='bbox 713 3650 782 3725; x_wconf 87' lang='lat' dir='ltr'><strong>ipso</strong></span> <span class='ocrx_word' id='word_1_213' title='bbox 803 3667 890 3724; x_wconf 88' lang='lat' dir='ltr'><strong>quem</strong></span> <span class='ocrx_word' id='word_1_214' title='bbox 915 3650 1002 3707; x_wconf 88' lang='lat' dir='ltr'><strong>vides</strong></span> <span class='ocrx_word' id='word_1_215' title='bbox 1023 3649 1177 3707; x_wconf 75' lang='lat' dir='ltr'><strong>exercitu?</strong></span> 
     </span>
    </p>

    <p class='ocr_par' dir='ltr' id='par_1_13' title="bbox 304 3729 1232 3896">
     <span class='ocr_line' id='line_1_37' title="bbox 304 3729 1133 3807; baseline 0.004 -18"><span class='ocrx_word' id='word_1_216' title='bbox 304 3741 371 3796; x_wconf 70' lang='lat'>1045</span> <span class='ocrx_word' id='word_1_217' title='bbox 382 3729 436 3790; x_wconf 84' lang='lat' dir='ltr'><strong>Oh.</strong></span> <span class='ocrx_word' id='word_1_218' title='bbox 480 3731 654 3792; x_wconf 84' lang='lat' dir='ltr'><strong>Menelaus:</strong></span> <span class='ocrx_word' id='word_1_219' title='bbox 674 3735 715 3807; x_wconf 85' lang='lat' dir='ltr'><strong>is,¹</strong></span> <span class='ocrx_word' id='word_1_220' title='bbox 736 3735 784 3791; x_wconf 87' lang='lat' dir='ltr'><strong>cui</strong></span> <span class='ocrx_word' id='word_1_221' title='bbox 806 3734 916 3793; x_wconf 88' lang='lat' dir='ltr'><strong>classis</strong></span> <span class='ocrx_word' id='word_1_222' title='bbox 937 3735 998 3793; x_wconf 88' lang='lat' dir='ltr'><strong>ista</strong></span> <span class='ocrx_word' id='word_1_223' title='bbox 1015 3732 1133 3792; x_wconf 85' lang='lat' dir='ltr'><strong>militat.</strong></span> 
     </span>
     <span class='ocr_line' id='line_1_38' title="bbox 380 3815 1232 3896; baseline 0.002 -22"><span class='ocrx_word' id='word_1_224' title='bbox 380 3816 455 3874; x_wconf 87' lang='lat' dir='ltr'><strong>Teu.</strong></span> <span class='ocrx_word' id='word_1_225' title='bbox 480 3815 598 3876; x_wconf 83' lang='lat' dir='ltr'><strong>Video:</strong></span> <span class='ocrx_word' id='word_1_226' title='bbox 622 3819 809 3894; x_wconf 88' lang='lat' dir='ltr'><strong>propinquus</strong></span> <span class='ocrx_word' id='word_1_227' title='bbox 830 3819 967 3892; x_wconf 85' lang='lat' dir='ltr'><strong>comsit,</strong></span> <span class='ocrx_word' id='word_1_228' title='bbox 989 3819 1116 3896; x_wconf 85' lang='lat' dir='ltr'><strong>agnosci</strong></span> <span class='ocrx_word' id='word_1_229' title='bbox 1135 3825 1232 3894; x_wconf 79' lang='lat' dir='ltr'><strong>potest</strong></span> 
     </span>
    </p>
   </div>
   <div class='ocr_carea' id='block_1_3' title="bbox 0 0 1504 4725">
    <p class='ocr_par' dir='ltr' id='par_1_14' title="bbox 0 0 1504 4725">
     <span class='ocr_line' id='line_1_39' title="bbox 0 0 1504 4725; baseline 0 0"><span class='ocrx_word' id='word_1_230' title='bbox 0 0 1504 4725; x_wconf 95' lang='lat' dir='ltr'><strong> </strong></span> 
     </span>
    </p>
   </div>
  </div>
 </body>
</html>
