3000 4725
646 610 798 707 gee—

258 780 395 854 Dictum,
417 780 618 857 profanamus
636 780 668 838 iu
688 780 776 841 Deos
801 780 933 855 effutiat,

257 864 327 925 Nec
348 865 530 937 insolescas,
551 864 579 925 si
600 865 649 925 vel
671 865 726 923 ulli
747 867 901 942 praenites

256 950 381 1009 Virtute
401 950 487 1022 belli,
510 950 577 1009 sive
596 950 692 1009 vastis
715 950 819 1026 copiis.

256 1033 401 1110 Namque
422 1054 483 1092 uua
503 1034 594 1107 tollit,
616 1054 679 1092 una
698 1035 841 1112 deprimit
861 1034 927 1095 dies

255 1120 435 1179 Mortalium
457 1137 520 1192 res,
544 1128 574 1177 et
595 1120 670 1177 boui
691 1139 813 1199 semper
833 1112 892 1178 viri

257 1204 360 1265 Curae
379 1205 457 1264 Deis
480 1212 560 1277 sunt,
584 1212 690 1263 contra
711 1214 744 1263 at
765 1205 859 1265 invisi
880 1203 962 1263 mali.

624 1285 627 1293 ¹
661 1288 789 1351 Chorus.
941 1292 942 1297 ¹

256 1372 493 1445 Telamoniade,
515 1373 568 1447 qui
586 1373 765 1433 fundamina

256 1457 427 1519 Salaminis
449 1458 544 1515 habes
567 1458 655 1515 firma
676 1461 829 1519 marinae:

254 1543 345 1601 Bene
366 1561 433 1600 oum
451 1542 508 1600 tibi
527 1542 571 1614 fit,
594 1543 671 1602 bene
692 1544 801 1606 laetor.

256 1626 338 1688 oum
359 1635 391 1685 te
410 1626 531 1685 inimico
552 1627 697 1705 languere
718 1631 795 1689 Iove
831 1664 833 1673 =

254 1712 372 1773 Differt
393 1710 537 1770 Danadm
557 1713 640 1770 fama
660 1714 804 1793 maligna,

253 1799 349 1856 Mens
371 1795 445 1855 mihi
465 1797 587 1874 refugit,
612 1806 752 1874 totusque
773 1810 878 1872 nemo,

255 1881 398 1958 Trepida
416 1890 450 1939 ut
471 1890 587 1941 terrore
611 1884 759 1945 columba.

253 1967 302 2027 Ut
320 1967 483 2043 praeterita
505 1975 596 2026 nocte
620 1969 765 2031 tumultus
792 2022 796 2031 ,

253 2050 330 2111 Nos
351 2052 531 2129 famigeraut
550 2072 670 2112 rumore
691 2057 783 2131 malo,

255 2136 308 2195 Te
330 2136 410 2213 pede
426 2137 533 2196 rabido
556 2138 775 2214 persultantem

254 2222 364 2282 Ubera
384 2221 461 2297 prati
483 2222 681 2297 praedatitias

255 2307 402 2366 Danaum
423 2307 569 2384 pecudes,

256 2393 348 2468 Quae
369 2411 462 2469 super
483 2393 562 2469 ipsis
584 2395 705 2452 fueraut
725 2393 871 2470 reliquae,

255 2478 353 2537 Ferro
373 2485 513 2536 vastasse
533 2486 668 2538 cruento.

257 2562 351 2621 Talia
372 2563 451 2621 lictis
471 2564 583 2638 probra
605 2564 739 2622 susurris

258 2646 404 2708 Omnium
424 2647 458 2705 iu
478 2664 568 2707 aures
590 2649 707 2725 spargit
727 2647 870 2725 Ulysses.

258 2730 401 2792 Creditur
424 2731 487 2790 illi=
510 2751 567 2790 nec
588 2734 654 2792 siue
675 2732 770 2790 multa

257 2815 363 2878 Suada
386 2817 552 2893 excipitur:
578 2835 686 2876 suasus
710 2825 740 2874 et
761 2817 829 2893 ipse
874 2843 878 2850 ¹

258 2899 397 2962 Suasore
416 2903 513 2979 magis
534 2903 641 2978 strepit
663 2901 793 2974 auditor,

258 2986 328 3045 Tua
349 2985 415 3044 risu
434 2987 512 3044 facte
531 2986 699 3046 lacessens.

258 3069 320 3145 Qui
341 3089 451 3148 magna
473 3071 550 3147 petit
571 3089 700 3147 corpora
723 3069 787 3128 telo

257 3155 373 3214 Nullus
398 3157 527 3217 aberrat.
549 3155 672 3217 Dixerit
693 3155 724 3212 in
745 3175 794 3212 me

259 3239 337 3314 Quis
357 3240 430 3314 tale,
453 3241 544 3300 fidem
563 3241 666 3300 nullus
688 3240 821 3298 habebit.

256 3324 341 3385 Nam
364 3325 471 3385 felices
493 3325 570 3402 petit
590 3325 730 3384 iuvidia'

257 3412 301 3469 At
322 3410 390 3468 siue
410 3412 529 3488 magnis
552 3410 614 3488 ipsi
634 3409 721 3487 parvi

257 3495 393 3553 Intutum
417 3497 497 3554 arcis
521 3503 593 3554 sunt
615 3494 809 3570 praesidium.

256 3578 341 3639 Nam
364 3597 430 3639 cum
442 3580 546 3638 ‘divite
566 3582 645 3638 bene
664 3579 751 3654 plebs
775 3596 838 3635 rem
859 3575 946 3654 gerit,

258 3664 357 3723 Dives
382 3683 449 3723 cum
468 3664 557 3741 plebe
580 3666 710 3724 fovetur.

257 3749 373 3808 Verum
395 3750 469 3811 talia
491 3768 584 3809 seusa
607 3749 715 3806 docere

258 3831 335 3894 Non
356 3835 463 3912 possis
485 3834 576 3892 corda
599 3834 717 3910 supina.
