3000 4725
698 659 739 719 23

255 826 323 885 Nec
345 828 411 886 nlla
432 828 536 901 restis,
558 835 610 886 ant
631 828 739 889 colorii
759 828 849 887 funes

254 913 406 991 Plagnlas
428 913 585 987 reducunt,
608 912 750 973 annnlive
771 912 909 971 velares:

255 996 320 1057 Sed
343 998 414 1059 sola
436 1017 557 1057 somnos
580 1000 756 1075 praebitura
778 1016 903 1057 securos

253 1083 378 1142 Aulaeo
400 1084 477 1143 situs
500 1102 670 1144 araneosus
694 1082 841 1143 obtendit.

253 1165 318 1227 Pro
346 1168 491 1228 stramine
510 1168 565 1239 illi,
589 1169 777 1243 culciteeque
798 1176 931 1226 tomento

256 1252 317 1310 Vel
344 1261 496 1313 scorteum
521 1262 669 1330 segestre,
692 1253 741 1312 vel
763 1271 861 1311 senex
880 1260 980 1325 cento,

253 1337 296 1395 Et
316 1358 372 1415 pro
394 1346 510 1415 tapete,
533 1358 651 1415 proque
673 1338 809 1416 stragula
834 1345 930 1409 veste,

253 1422 470 1481 Exfimbriatis
493 1424 631 1482 obsoleta
652 1424 774 1483 fratillie

255 1509 405 1583 Anusqne
428 1508 527 1580 lodix,
549 1527 744 1585 gausapeque
767 1508 923 1578 detritum

256 1590 532 1669 Substerniturque
556 1594 639 1651 mille
660 1594 789 1651 mnrium
814 1592 938 1669 praeda,

255 1679 304 1734 Ac
325 1678 492 1737 soricinum
513 1678 626 1737 linteus
649 1678 806 1750 minntnle,

258 1761 322 1837 Qui
342 1763 445 1839 possit
468 1782 537 1822 esse
559 1764 747 1821 ruderarium
772 1763 917 1820 cribrum:

257 1847 404 1923 Idemque
426 1866 551 1907 mensae
571 1850 665 1907 servit
686 1866 764 1906 unus
787 1856 818 1905 et
837 1846 930 1919 lecto,

258 1932 387 1991 Mantile
409 1932 509 1990 nudae
529 1934 623 1993 servit
644 1942 673 1991 et
694 1932 774 1991 toral
795 1950 930 1991 mensae.

257 2015 308 2075 Ne
330 2018 532 2076 dormientem
555 2018 656 2076 laedat
679 2037 753 2077 aura
774 2027 931 2090 nocturna,

259 2102 352 2177 Quod
374 2102 418 2159 nil
440 2102 480 2160 sit
500 2103 556 2174 illi,
580 2104 631 2179 qui
655 2112 745 2180 caput
763 2111 846 2180 tegat
866 2111 969 2174 noctu,

259 2185 435 2246 Calvariam
454 2199 552 2245 armat
574 2188 779 2266 subligaribus
800 2188 930 2247 braccis:

261 2271 328 2331 Hoc
352 2272 513 2331 involucro
535 2282 642 2345 tectus,
666 2276 723 2331 hoc
747 2282 777 2331 et
798 2274 926 2331 amiectu

260 2355 492 2418 Subfarcinatus
515 2358 553 2416 ad
573 2359 729 2420 meridiem
750 2359 858 2423 stertit,

261 2441 487 2522 Compendiosa
506 2445 654 2504 sumtibus
674 2445 724 2503 via
743 2462 891 2521 parcens:

262 2529 383 2606 Quippe
403 2547 464 2585 una
486 2529 588 2605 opella
600 2530 739 2606 prandet,
756 2539 786 2588 et
800 2529 889 2589 simul
904 2535 1022 2599 coenat,

260 2613 299 2671 Ilt
318 2614 426 2685 ientat,
450 2621 480 2670 et
503 2614 669 2688 morentini,
693 2624 783 2690 atque
806 2614 961 2674 comissat

261 2696 367 2757 Coena
388 2699 457 2774 ipsa
477 2698 567 2776 frugi,
586 2698 782 2776 secretisque
805 2699 1011 2777 praescript03

261 2783 372 2842 Vinum
391 2801 473 2855 asse,
487 2785 576 2859 panis
592 2803 673 2858 asse,
694 2793 723 2843 et
739 2803 812 2844 asse
825 2783 1022 2861 pulmentum.

259 2868 393 2940 Ancilla,
416 2868 536 2943 qualem
560 2889 621 2928 non
646 2871 758 2930 habere
780 2867 964 2927 Moncaudns

260 2959 375 3012 Averet
397 2953 499 3025 aliam,
522 2953 581 3026 vel,
606 2955 630 3014 si
656 2963 769 3027 averet,
793 2952 873 3012 haud
895 2960 1018 3029 posoet3

261 3036 458 3108 Cadaverosa
478 3038 590 3111 fronte,
611 3040 751 3115 pendulis
772 3038 878 3109 labris,

261 3120 398 3194 Cariosa,
422 3141 522 3195 casca,
545 3123 650 3183 Troici
672 3145 791 3182 memor
812 3122 896 3193 belli,

261 3208 442 3266 Paunuceas
465 3208 496 3265 in
519 3227 569 3268 ore
592 3211 766 3284 praeferens
788 3227 890 3287 rugae.

262 3293 404 3352 Everrias
426 3293 501 3350 haec
521 3293 600 3351 forte
622 3295 664 3370 (si
685 3303 787 3353 tamen
811 3291 917 3368 verrit)

262 3377 495 3436 Protuberantis
519 3378 632 3456 colligit
654 3369 830 3456 pavimenti,

264 3459 371 3539 Scopis
395 3462 515 3535 solutis,
539 3472 590 3521 aut
609 3465 708 3524 inutili
732 3485 828 3523 ramo.

264 3545 350 3605 Haec
369 3555 465 3624 terget
485 3548 576 3619 ollas,
597 3549 704 3627 implet
726 3549 877 3626 hydriam:
901 3551 1008 3609 sordes

263 3631 302 3689 Et
327 3640 444 3691 stercus
465 3633 567 3690 effert:
589 3635 663 3692 eluit
683 3635 876 3694 lavatrinam.

265 3715 452 3792 Quotiesque
473 3718 548 3776 tenti
570 3720 648 3778 vatis
672 3728 816 3778 aestuans
836 3719 948 3796 inguen

266 3799 474 3878 singultientis
499 3803 603 3879 arrigit
624 3811 724 3862 tumor
744 3822 850 3875 venae,

265 3884 381 3944 Inemta
393 3886 497 3946 Venus
519 3887 588 3945 huic
608 3897 637 3944 et
658 3888 807 3964 parabilis
823 3894 947 3964 praesto
965 3893 1023 3958 est,
