3000 4725
639 599 791 731 „ut-

261 809 358 882 Prius,
380 806 479 885 ipsum
506 813 558 865 aut
576 814 768 883 penetrasset
788 806 911 878 Oreum,

262 893 406 971 Quisquis
429 910 561 967 nuquam
581 891 708 950 funerea

242 979 296 1038 *In
312 978 443 1057 Argivos
463 977 578 1054 primus

261 1063 338 1123 Belli
361 1082 446 1122 arma
466 1061 545 1121 tulit.

260 1147 425 1207 Crimiuum
444 1148 502 1205 heu
516 1152 606 1221 eaput
623 1144 766 1202 omnium.

262 1234 291 1293 Is
310 1251 431 1309 nanque
444 1231 580 1289 homines
599 1228 767 1287 truuidavit.

583 1314 612 1373 2.
635 1313 765 1390 Stroplru
786 1312 847 1373 XI.

261 1402 291 1461 Is
315 1400 496 1461 eorollarum
518 1398 635 1474 epulas,

262 1486 423 1565 Duloeque
444 1483 597 1544 delenifioi

262 1572 368 1631 Omne'
386 1570 462 1630 meri
480 1567 651 1645 proluvium
673 1567 763 1639 idem,

262 1656 404 1732 Idemque
428 1674 519 1717 sonos
541 1650 717 1711 flexanimos

262 1742 413 1801 Abstulit:
432 1741 459 1799 is
482 1738 644 1815 noctivaga
682 1754 684 1761 ¹

262 1826 355 1885 Furta
377 1825 564 1901 voluptatum
586 1820 708 1893 amoris,
818 1878 821 1882 .

263 1918 452 1986 Amoresque
474 1907 617 1967 abolevit.
637 1906 707 1978 heu,
728 1905 801 1963 heu!

263 1995 352 2055 Nune
374 1996 425 2053 hie
443 1994 529 2053 iaeeo
555 1992 682 2063 otiosus,

263 2083 369 2157 Aquae
393 2079 499 2158 pluvio
522 2084 615 2153 eaput

264 2165 343 2227 Rure
367 2164 505 2237 madens,
525 2160 631 2238 iniqua
652 2160 731 2219 Tros

267 2251 325 2311 iae
348 2254 551 2310 monumenta.

560 2330 589 2390 2.
609 2330 805 2407 Anttetroplto
827 2329 887 2387 XI.

265 2423 344 2481 Ante
364 2419 439 2479 milri
457 2417 629 2494 noctipetas

266 2505 401 2567 Insidias
424 2503 610 2580 propulerat,

266 2594 366 2668 Atque
387 2589 513 2666 sagittas
536 2587 618 2646 ferus
637 2586 728 2646 Aiax.

268 2676 360 2736 Nune
380 2676 447 2754 ipse
470 2674 550 2734 iacet
571 2671 704 2730 luctifica

269 2760 370 2822 Sorte.
392 2759 460 2834 quis
484 2776 553 2834 ergo
576 2756 650 2814 mihi
672 2773 768 2824 amor,

270 2847 396 2923 Quaeve
419 2843 560 2918 voluptas
583 2838 735 2918 placebit?

269 2931 322 2992 Uti
343 2947 455 3002 essem,
481 2947 499 2986 o
521 2927 636 2986 utinam
660 2941 771 2994 essem,
793 2919 846 2978 ubi
865 2916 947 2976 unda

269 3015 377 3094 Rupes
397 3013 508 3072 lavitur
528 3012 645 3070 marina
691 3009 692 3012 ’

272 3099 335 3162 Sub
358 3117 491 3178 aequore
514 3094 617 3156 Sunii:

271 3186 451 3262 Alloquerer
475 3200 578 3242 saoras
601 3181 645 3240 uti

272 3271 371 3330 Tutus
391 3269 539 3328 Athenas.

598 3434 696 3496 Aetna
720 3430 863 3497 artatus
910 3462 913 3467 <

275 3524 351 3583 Ten.
391 3522 506 3581 Pedem
527 3519 628 3593 citavi,
651 3537 718 3578 eum
739 3515 872 3576 viderem
894 3512 1151 3589 Agamemnonem
1188 3511 1256 3566 rm

275 3608 391 3668 Dueem
411 3609 470 3666 huo
491 3624 548 3664 nee
569 3605 676 3681 eequis
696 3601 851 3660 inuitatum
871 3595 1024 3673 passibus.

277 3692 409 3755 Sinistra
425 3691 574 3769 quaedam
594 3689 674 3748 velle
694 3703 823 3765 praese
845 3683 906 3742 fert
921 3680 1015 3757 loqui.
1189 3671 1257 3726 1225

276 3782 496 3858 Agamemnon.
539 3776 627 3834 Tune
650 3773 720 3846 ille,
750 3788 841 3847 quem
871 3766 1003 3843 superba
1027 3762 1110 3828 dieta
1137 3764 1168 3818 et

277 3864 402 3942 Impune
424 3864 496 3922 dixe
514 3861 610 3922 fertur
631 3859 663 3918 in
686 3863 821 3916 nostrum
842 3851 952 3929 eaput?
1064 3847 1190 3922 [aspera
