<?xml version="1.0" encoding="UTF-8"?>
<!DOCTYPE html PUBLIC "-//W3C//DTD XHTML 1.0 Transitional//EN"
    "http://www.w3.org/TR/xhtml1/DTD/xhtml1-transitional.dtd">
<html xmlns="http://www.w3.org/1999/xhtml" xml:lang="en" lang="en">
 <head>
  <title>
</title>
<meta http-equiv="Content-Type" content="text/html;charset=utf-8" />
  <meta name='ocr-system' content='tesseract 3.04.00' />
  <meta name='ocr-capabilities' content='ocr_page ocr_carea ocr_par ocr_line ocrx_word'/>
</head>
<body>
  <div class='ocr_page' id='page_1' title='image "./iosephiscaliger00scalgoog_0099.png"; bbox 0 0 3000 4725; ppageno 0'>
   <div class='ocr_carea' id='block_1_1' title="bbox 669 602 710 661">
    <p class='ocr_par' dir='ltr' id='par_1_1' title="bbox 669 602 710 661">
     <span class='ocr_line' id='line_1_1' title="bbox 669 602 710 661; baseline 0 0"><span class='ocrx_word' id='word_1_1' title='bbox 669 602 710 661; x_wconf 79' lang='lat' dir='ltr'><strong>ct</strong></span> 
     </span>
    </p>
   </div>
   <div class='ocr_carea' id='block_1_2' title="bbox 232 767 1154 3967">
    <p class='ocr_par' dir='ltr' id='par_1_2' title="bbox 232 767 1154 3907">
     <span class='ocr_line' id='line_1_2' title="bbox 238 767 996 847; baseline 0.007 -20"><span class='ocrx_word' id='word_1_2' title='bbox 238 767 380 827; x_wconf 86' lang='lat' dir='ltr'><strong>Nascenti</strong></span> <span class='ocrx_word' id='word_1_3' title='bbox 402 770 457 828; x_wconf 87' lang='lat' dir='ltr'><strong>tibi</strong></span> <span class='ocrx_word' id='word_1_4' title='bbox 479 770 681 847; x_wconf 83' lang='lat' dir='ltr'><strong>contigerunt,</strong></span> <span class='ocrx_word' id='word_1_5' title='bbox 699 779 733 829; x_wconf 91' lang='lat' dir='ltr'><strong>ut</strong></span> <span class='ocrx_word' id='word_1_6' title='bbox 751 769 852 831; x_wconf 88' lang='lat' dir='ltr'><strong>celsus</strong></span> <span class='ocrx_word' id='word_1_7' title='bbox 872 771 905 830; x_wconf 91' lang='lat' dir='ltr'><strong>in</strong></span> <span class='ocrx_word' id='word_1_8' title='bbox 925 790 996 833; x_wconf 89' lang='lat' dir='ltr'><strong>arce</strong></span> 
     </span>
     <span class='ocr_line' id='line_1_3' title="bbox 237 854 969 931; baseline 0.008 -20"><span class='ocrx_word' id='word_1_9' title='bbox 237 854 354 930; x_wconf 83' lang='lat' dir='ltr'><strong>llloquii</strong></span> <span class='ocrx_word' id='word_1_10' title='bbox 375 854 501 931; x_wconf 86' lang='lat' dir='ltr'><strong>linguae</strong></span> <span class='ocrx_word' id='word_1_11' title='bbox 524 874 668 931; x_wconf 88' lang='lat' dir='ltr'><strong>proceres</strong></span> <span class='ocrx_word' id='word_1_12' title='bbox 691 856 834 930; x_wconf 82' lang='lat' dir='ltr'><strong>fandique</strong></span> <span class='ocrx_word' id='word_1_13' title='bbox 857 855 969 930; x_wconf 85' lang='lat' dir='ltr'><strong>peritos</strong></span> 
     </span>
     <span class='ocr_line' id='line_1_4' title="bbox 236 938 1048 1016; baseline 0.007 -20"><span class='ocrx_word' id='word_1_14' title='bbox 236 938 313 997; x_wconf 87' lang='lat' dir='ltr'><strong>Infra</strong></span> <span class='ocrx_word' id='word_1_15' title='bbox 332 947 363 997; x_wconf 92' lang='lat' dir='ltr'><strong>te</strong></span> <span class='ocrx_word' id='word_1_16' title='bbox 385 940 504 1015; x_wconf 89' lang='lat' dir='ltr'><strong>positos</strong></span> <span class='ocrx_word' id='word_1_17' title='bbox 524 959 688 1016; x_wconf 80' lang='lat' dir='ltr'><strong>premeres.</strong></span> <span class='ocrx_word' id='word_1_18' title='bbox 710 949 795 1001; x_wconf 76' lang='lat' dir='ltr'><strong>tram</strong></span> <span class='ocrx_word' id='word_1_19' title='bbox 810 941 907 999; x_wconf 86' lang='lat' dir='ltr'><strong>ardua</strong></span> <span class='ocrx_word' id='word_1_20' title='bbox 928 951 1048 1001; x_wconf 84' lang='lat' dir='ltr'><strong>vectum</strong></span> 
     </span>
     <span class='ocr_line' id='line_1_5' title="bbox 237 1022 1008 1103; baseline 0.008 -22"><span class='ocrx_word' id='word_1_21' title='bbox 237 1022 276 1081; x_wconf 80' lang='lat' dir='ltr'><strong>Te</strong></span> <span class='ocrx_word' id='word_1_22' title='bbox 298 1023 430 1083; x_wconf 90' lang='lat' dir='ltr'><strong>sublime</strong></span> <span class='ocrx_word' id='word_1_23' title='bbox 454 1032 545 1101; x_wconf 87' lang='lat' dir='ltr'><strong>caput</strong></span> <span class='ocrx_word' id='word_1_24' title='bbox 567 1025 649 1103; x_wconf 78' lang='lat' dir='ltr'><strong>vulgi</strong></span> <span class='ocrx_word' id='word_1_25' title='bbox 670 1044 762 1101; x_wconf 90' lang='lat' dir='ltr'><strong>super</strong></span> <span class='ocrx_word' id='word_1_26' title='bbox 782 1044 837 1082; x_wconf 86' lang='lat' dir='ltr'><strong>ora</strong></span> <span class='ocrx_word' id='word_1_27' title='bbox 861 1025 1008 1087; x_wconf 82' lang='lat' dir='ltr'><strong>ferentem</strong></span> 
     </span>
     <span class='ocr_line' id='line_1_6' title="bbox 235 1109 891 1186; baseline 0.002 -20"><span class='ocrx_word' id='word_1_28' title='bbox 235 1110 260 1166; x_wconf 80' lang='lat' dir='ltr'>A</span> <span class='ocrx_word' id='word_1_29' title='bbox 278 1109 361 1185; x_wconf 86' lang='lat' dir='ltr'><strong>vulgi</strong></span> <span class='ocrx_word' id='word_1_30' title='bbox 385 1116 475 1186; x_wconf 85' lang='lat' dir='ltr'><strong>captu</strong></span> <span class='ocrx_word' id='word_1_31' title='bbox 495 1110 605 1169; x_wconf 90' lang='lat' dir='ltr'><strong>melior</strong></span> <span class='ocrx_word' id='word_1_32' title='bbox 627 1120 736 1169; x_wconf 85' lang='lat' dir='ltr'><strong>natura</strong></span> <span class='ocrx_word' id='word_1_33' title='bbox 754 1110 891 1170; x_wconf 81' lang='lat' dir='ltr'><strong>redemit.</strong></span> 
     </span>
     <span class='ocr_line' id='line_1_7' title="bbox 234 1192 1035 1270; baseline 0.005 -19"><span class='ocrx_word' id='word_1_34' title='bbox 234 1192 370 1251; x_wconf 83' lang='lat' dir='ltr'><strong>Flumina</strong></span> <span class='ocrx_word' id='word_1_35' title='bbox 390 1202 423 1250; x_wconf 92' lang='lat' dir='ltr'><strong>tu</strong></span> <span class='ocrx_word' id='word_1_36' title='bbox 447 1201 572 1270; x_wconf 90' lang='lat' dir='ltr'><strong>poteras</strong></span> <span class='ocrx_word' id='word_1_37' title='bbox 594 1203 728 1256; x_wconf 89' lang='lat' dir='ltr'><strong>veterum</strong></span> <span class='ocrx_word' id='word_1_38' title='bbox 749 1194 881 1253; x_wconf 87' lang='lat' dir='ltr'><strong>facunda</strong></span> <span class='ocrx_word' id='word_1_39' title='bbox 901 1194 1035 1256; x_wconf 83' lang='lat' dir='ltr'><strong>virorum</strong></span> 
     </span>
     <span class='ocr_line' id='line_1_8' title="bbox 234 1277 1154 1357; baseline 0.008 -22"><span class='ocrx_word' id='word_1_40' title='bbox 234 1277 382 1351; x_wconf 84' lang='lat' dir='ltr'><strong>Reddere,</strong></span> <span class='ocrx_word' id='word_1_41' title='bbox 407 1278 559 1339; x_wconf 89' lang='lat' dir='ltr'><strong>sermonis</strong></span> <span class='ocrx_word' id='word_1_42' title='bbox 579 1281 688 1357; x_wconf 79' lang='lat' dir='ltr'><strong>genios</strong></span> <span class='ocrx_word' id='word_1_43' title='bbox 708 1297 876 1340; x_wconf 85' lang='lat' dir='ltr'><strong>conversus</strong></span> <span class='ocrx_word' id='word_1_44' title='bbox 897 1278 930 1337; x_wconf 90' lang='lat' dir='ltr'><strong>in</strong></span> <span class='ocrx_word' id='word_1_45' title='bbox 951 1298 1068 1342; x_wconf 84' lang='lat' dir='ltr'><strong>omnes.</strong></span> <span class='ocrx_word' id='word_1_46' title='bbox 1150 1292 1154 1299; x_wconf 85' lang='lat'>&#39;</span> 
     </span>
     <span class='ocr_line' id='line_1_9' title="bbox 235 1361 932 1425; baseline 0.004 -5"><span class='ocrx_word' id='word_1_47' title='bbox 235 1361 275 1421; x_wconf 84' lang='lat' dir='ltr'><strong>Te</strong></span> <span class='ocrx_word' id='word_1_48' title='bbox 297 1372 433 1423; x_wconf 89' lang='lat' dir='ltr'><strong>conante</strong></span> <span class='ocrx_word' id='word_1_49' title='bbox 454 1364 517 1423; x_wconf 88' lang='lat' dir='ltr'><strong>oris</strong></span> <span class='ocrx_word' id='word_1_50' title='bbox 540 1365 618 1424; x_wconf 86' lang='lat' dir='ltr'><strong>dites</strong></span> <span class='ocrx_word' id='word_1_51' title='bbox 643 1365 798 1425; x_wconf 85' lang='lat' dir='ltr'><strong>effundere</strong></span> <span class='ocrx_word' id='word_1_52' title='bbox 821 1381 932 1423; x_wconf 88' lang='lat' dir='ltr'><strong>census</strong></span> 
     </span>
     <span class='ocr_line' id='line_1_10' title="bbox 234 1446 1095 1525; baseline 0.006 -22"><span class='ocrx_word' id='word_1_53' title='bbox 234 1446 283 1505; x_wconf 86' lang='lat' dir='ltr'><strong>Vis</strong></span> <span class='ocrx_word' id='word_1_54' title='bbox 305 1458 359 1505; x_wconf 90' lang='lat' dir='ltr'><strong>tna</strong></span> <span class='ocrx_word' id='word_1_55' title='bbox 383 1448 583 1525; x_wconf 75' lang='lat' dir='ltr'><strong>Sisyphides,</strong></span> <span class='ocrx_word' id='word_1_56' title='bbox 605 1450 739 1509; x_wconf 77' lang='lat' dir='ltr'><strong>brevitas</strong></span> <span class='ocrx_word' id='word_1_57' title='bbox 760 1456 940 1525; x_wconf 86' lang='lat' dir='ltr'><strong>superasset</strong></span> <span class='ocrx_word' id='word_1_58' title='bbox 954 1448 1095 1523; x_wconf 80' lang='lat' dir='ltr'><strong>Atriden,</strong></span> 
     </span>
     <span class='ocr_line' id='line_1_11' title="bbox 233 1532 944 1608; baseline 0.001 -19"><span class='ocrx_word' id='word_1_59' title='bbox 233 1532 363 1592; x_wconf 82' lang='lat' dir='ltr'><strong>Mellitos</strong></span> <span class='ocrx_word' id='word_1_60' title='bbox 386 1533 510 1608; x_wconf 86' lang='lat' dir='ltr'><strong>Pylium</strong></span> <span class='ocrx_word' id='word_1_61' title='bbox 533 1535 659 1595; x_wconf 85' lang='lat' dir='ltr'><strong>vicisset</strong></span> <span class='ocrx_word' id='word_1_62' title='bbox 679 1534 814 1593; x_wconf 89' lang='lat' dir='ltr'><strong>Nestora</strong></span> <span class='ocrx_word' id='word_1_63' title='bbox 836 1552 944 1592; x_wconf 88' lang='lat' dir='ltr'><strong>sermo.</strong></span> 
     </span>
     <span class='ocr_line' id='line_1_12' title="bbox 235 1614 976 1688; baseline -0.003 -13"><span class='ocrx_word' id='word_1_64' title='bbox 235 1614 290 1675; x_wconf 87' lang='lat' dir='ltr'><strong>Sed</strong></span> <span class='ocrx_word' id='word_1_65' title='bbox 312 1626 341 1675; x_wconf 87' lang='lat' dir='ltr'><strong>te</strong></span> <span class='ocrx_word' id='word_1_66' title='bbox 367 1626 495 1677; x_wconf 83' lang='lat' dir='ltr'><strong>naturae</strong></span> <span class='ocrx_word' id='word_1_67' title='bbox 516 1620 707 1679; x_wconf 79' lang='lat' dir='ltr'><strong>cohibentem</strong></span> <span class='ocrx_word' id='word_1_68' title='bbox 727 1618 863 1677; x_wconf 79' lang='lat' dir='ltr'><strong>maxima</strong></span> <span class='ocrx_word' id='word_1_69' title='bbox 882 1618 976 1688; x_wconf 87' lang='lat' dir='ltr'><strong>dona,</strong></span> 
     </span>
     <span class='ocr_line' id='line_1_13' title="bbox 232 1700 1010 1773; baseline 0.003 -14"><span class='ocrx_word' id='word_1_70' title='bbox 232 1700 474 1773; x_wconf 81' lang='lat' dir='ltr'><strong>Frenantemqne</strong></span> <span class='ocrx_word' id='word_1_71' title='bbox 496 1704 573 1765; x_wconf 86' lang='lat' dir='ltr'><strong>cites</strong></span> <span class='ocrx_word' id='word_1_72' title='bbox 597 1704 679 1763; x_wconf 87' lang='lat' dir='ltr'><strong>intra</strong></span> <span class='ocrx_word' id='word_1_73' title='bbox 700 1712 753 1763; x_wconf 86' lang='lat' dir='ltr'><strong>tua</strong></span> <span class='ocrx_word' id='word_1_74' title='bbox 773 1704 880 1762; x_wconf 88' lang='lat' dir='ltr'><strong>limina</strong></span> <span class='ocrx_word' id='word_1_75' title='bbox 904 1720 1010 1761; x_wconf 84' lang='lat' dir='ltr'><strong>currus</strong></span> 
     </span>
     <span class='ocr_line' id='line_1_14' title="bbox 233 1784 1014 1867; baseline 0.003 -24"><span class='ocrx_word' id='word_1_76' title='bbox 233 1784 348 1865; x_wconf 86' lang='lat' dir='ltr'><strong>Regula</strong></span> <span class='ocrx_word' id='word_1_77' title='bbox 371 1788 537 1849; x_wconf 81' lang='lat' dir='ltr'><strong>summovit</strong></span> <span class='ocrx_word' id='word_1_78' title='bbox 558 1788 681 1867; x_wconf 79' lang='lat' dir='ltr'><strong>linguae</strong></span> <span class='ocrx_word' id='word_1_79' title='bbox 703 1789 740 1847; x_wconf 90' lang='lat' dir='ltr'><strong>de</strong></span> <span class='ocrx_word' id='word_1_80' title='bbox 762 1788 901 1864; x_wconf 89' lang='lat' dir='ltr'><strong>pluribus</strong></span> <span class='ocrx_word' id='word_1_81' title='bbox 921 1804 1014 1845; x_wconf 90' lang='lat' dir='ltr'><strong>unum</strong></span> 
     </span>
     <span class='ocr_line' id='line_1_15' title="bbox 233 1869 995 1950; baseline 0.004 -24"><span class='ocrx_word' id='word_1_82' title='bbox 233 1869 265 1928; x_wconf 94' lang='lat' dir='ltr'><strong>ln</strong></span> <span class='ocrx_word' id='word_1_83' title='bbox 284 1891 395 1949; x_wconf 84' lang='lat' dir='ltr'><strong>genus,</strong></span> <span class='ocrx_word' id='word_1_84' title='bbox 417 1874 581 1950; x_wconf 84' lang='lat' dir='ltr'><strong>optandum</strong></span> <span class='ocrx_word' id='word_1_85' title='bbox 600 1874 715 1946; x_wconf 90' lang='lat' dir='ltr'><strong>multis,</strong></span> <span class='ocrx_word' id='word_1_86' title='bbox 738 1872 887 1931; x_wconf 81' lang='lat' dir='ltr'><strong>imitabile</strong></span> <span class='ocrx_word' id='word_1_87' title='bbox 905 1870 995 1930; x_wconf 75' lang='lat' dir='ltr'><strong>nullis</strong></span> 
     </span>
     <span class='ocr_line' id='line_1_16' title="bbox 233 1953 979 2031; baseline 0.004 -16"><span class='ocrx_word' id='word_1_88' title='bbox 233 1953 295 2027; x_wconf 77' lang='lat' dir='ltr'><strong>Quo</strong></span> <span class='ocrx_word' id='word_1_89' title='bbox 317 1959 386 2031; x_wconf 91' lang='lat' dir='ltr'><strong>tihi,</strong></span> <span class='ocrx_word' id='word_1_90' title='bbox 411 1978 473 2016; x_wconf 90' lang='lat' dir='ltr'><strong>non</strong></span> <span class='ocrx_word' id='word_1_91' title='bbox 497 1958 561 2030; x_wconf 86' lang='lat' dir='ltr'><strong>alii,</strong></span> <span class='ocrx_word' id='word_1_92' title='bbox 581 1960 709 2018; x_wconf 89' lang='lat' dir='ltr'><strong>deberes</strong></span> <span class='ocrx_word' id='word_1_93' title='bbox 732 1977 805 2018; x_wconf 88' lang='lat' dir='ltr'><strong>orsa</strong></span> <span class='ocrx_word' id='word_1_94' title='bbox 822 1957 979 2031; x_wconf 88' lang='lat' dir='ltr'><strong>loquendi,</strong></span> 
     </span>
     <span class='ocr_line' id='line_1_17' title="bbox 234 2039 965 2119; baseline 0.001 -22"><span class='ocrx_word' id='word_1_95' title='bbox 234 2039 265 2097; x_wconf 87' lang='lat' dir='ltr'><strong>In</strong></span> <span class='ocrx_word' id='word_1_96' title='bbox 286 2062 347 2119; x_wconf 91' lang='lat' dir='ltr'><strong>quo</strong></span> <span class='ocrx_word' id='word_1_97' title='bbox 371 2041 503 2103; x_wconf 81' lang='lat' dir='ltr'><strong>Nelidae</strong></span> <span class='ocrx_word' id='word_1_98' title='bbox 526 2044 767 2119; x_wconf 81' lang='lat' dir='ltr'><strong>Laertiadaeque</strong></span> <span class='ocrx_word' id='word_1_99' title='bbox 788 2060 913 2101; x_wconf 86' lang='lat' dir='ltr'><strong>recessu</strong></span> <span class='ocrx_word' id='word_1_100' title='bbox 956 2078 965 2098; x_wconf 87' lang='lat'><strong>.</strong></span> 
     </span>
     <span class='ocr_line' id='line_1_18' title="bbox 235 2122 969 2204; baseline 0.003 -22"><span class='ocrx_word' id='word_1_101' title='bbox 235 2122 270 2183; x_wconf 83' lang='lat' dir='ltr'><strong>Se</strong></span> <span class='ocrx_word' id='word_1_102' title='bbox 288 2128 393 2193; x_wconf 85' lang='lat' dir='ltr'><strong>victos</strong></span> <span class='ocrx_word' id='word_1_103' title='bbox 411 2126 513 2204; x_wconf 83' lang='lat' dir='ltr'><strong>longo,</strong></span> <span class='ocrx_word' id='word_1_104' title='bbox 531 2128 643 2189; x_wconf 83' lang='lat' dir='ltr'><strong>victum</strong></span> <span class='ocrx_word' id='word_1_105' title='bbox 666 2146 700 2187; x_wconf 88' lang='lat' dir='ltr'><strong>se</strong></span> <span class='ocrx_word' id='word_1_106' title='bbox 726 2128 819 2187; x_wconf 90' lang='lat' dir='ltr'><strong>sciret</strong></span> <span class='ocrx_word' id='word_1_107' title='bbox 836 2126 969 2187; x_wconf 85' lang='lat' dir='ltr'><strong>Atrides.</strong></span> 
     </span>
     <span class='ocr_line' id='line_1_19' title="bbox 236 2208 928 2288; baseline 0.004 -21"><span class='ocrx_word' id='word_1_108' title='bbox 236 2208 292 2269; x_wconf 87' lang='lat' dir='ltr'><strong>Ore</strong></span> <span class='ocrx_word' id='word_1_109' title='bbox 313 2221 368 2272; x_wconf 90' lang='lat' dir='ltr'><strong>tuo</strong></span> <span class='ocrx_word' id='word_1_110' title='bbox 393 2212 536 2287; x_wconf 88' lang='lat' dir='ltr'><strong>loqueris,</strong></span> <span class='ocrx_word' id='word_1_111' title='bbox 550 2214 635 2277; x_wconf 85' lang='lat' dir='ltr'><strong>¹nulli</strong></span> <span class='ocrx_word' id='word_1_112' title='bbox 658 2213 776 2271; x_wconf 88' lang='lat' dir='ltr'><strong>sulcata</strong></span> <span class='ocrx_word' id='word_1_113' title='bbox 798 2212 928 2288; x_wconf 87' lang='lat' dir='ltr'><strong>priorum</strong></span> 
     </span>
     <span class='ocr_line' id='line_1_20' title="bbox 235 2296 1055 2377; baseline 0.013 -26"><span class='ocrx_word' id='word_1_114' title='bbox 235 2296 372 2372; x_wconf 87' lang='lat' dir='ltr'><strong>Aequora</strong></span> <span class='ocrx_word' id='word_1_115' title='bbox 395 2298 579 2374; x_wconf 76' lang='lat' dir='ltr'><strong>pervolitans</strong></span> <span class='ocrx_word' id='word_1_116' title='bbox 602 2300 690 2377; x_wconf 88' lang='lat' dir='ltr'><strong>priva</strong></span> <span class='ocrx_word' id='word_1_117' title='bbox 710 2306 776 2358; x_wconf 87' lang='lat' dir='ltr'><strong>rate</strong></span> <span class='ocrx_word' id='word_1_118' title='bbox 798 2298 927 2357; x_wconf 85' lang='lat' dir='ltr'><strong>carbasa</strong></span> <span class='ocrx_word' id='word_1_119' title='bbox 945 2299 1055 2362; x_wconf 86' lang='lat' dir='ltr'><strong>tendis.</strong></span> 
     </span>
     <span class='ocr_line' id='line_1_21' title="bbox 234 2378 1000 2460; baseline 0.01 -24"><span class='ocrx_word' id='word_1_120' title='bbox 234 2378 300 2440; x_wconf 88' lang='lat' dir='ltr'><strong>Nec</strong></span> <span class='ocrx_word' id='word_1_121' title='bbox 318 2392 374 2450; x_wconf 84' lang='lat' dir='ltr'><strong>tua</strong></span> <span class='ocrx_word' id='word_1_122' title='bbox 393 2391 441 2442; x_wconf 91' lang='lat' dir='ltr'><strong>tot</strong></span> <span class='ocrx_word' id='word_1_123' title='bbox 461 2403 546 2445; x_wconf 82' lang='lat' dir='ltr'><strong>raras</strong></span> <span class='ocrx_word' id='word_1_124' title='bbox 568 2386 741 2445; x_wconf 74' lang='lat' dir='ltr'><strong>habitantes</strong></span> <span class='ocrx_word' id='word_1_125' title='bbox 762 2391 890 2460; x_wconf 84' lang='lat' dir='ltr'><strong>pectora</strong></span> <span class='ocrx_word' id='word_1_126' title='bbox 912 2383 1000 2444; x_wconf 88' lang='lat' dir='ltr'><strong>dotes</strong></span> 
     </span>
     <span class='ocr_line' id='line_1_22' title="bbox 235 2463 874 2548; baseline 0.006 -24"><span class='ocrx_word' id='word_1_127' title='bbox 235 2463 332 2528; x_wconf 82' lang='lat' dir='ltr'><strong>Ullius</strong></span> <span class='ocrx_word' id='word_1_128' title='bbox 355 2469 451 2528; x_wconf 86' lang='lat' dir='ltr'><strong>virtus</strong></span> <span class='ocrx_word' id='word_1_129' title='bbox 473 2471 626 2530; x_wconf 85' lang='lat' dir='ltr'><strong>effinxerit</strong></span> <span class='ocrx_word' id='word_1_130' title='bbox 645 2471 735 2548; x_wconf 83' lang='lat' dir='ltr'><strong>ignea</strong></span> <span class='ocrx_word' id='word_1_131' title='bbox 753 2470 874 2541; x_wconf 88' lang='lat' dir='ltr'><strong>mentis,</strong></span> 
     </span>
     <span class='ocr_line' id='line_1_23' title="bbox 235 2547 1092 2631; baseline 0.008 -24"><span class='ocrx_word' id='word_1_132' title='bbox 235 2547 296 2610; x_wconf 88' lang='lat' dir='ltr'><strong>Nec</strong></span> <span class='ocrx_word' id='word_1_133' title='bbox 320 2572 474 2613; x_wconf 88' lang='lat' dir='ltr'><strong>summum</strong></span> <span class='ocrx_word' id='word_1_134' title='bbox 496 2555 609 2628; x_wconf 86' lang='lat' dir='ltr'><strong>eloquii</strong></span> <span class='ocrx_word' id='word_1_135' title='bbox 627 2555 803 2614; x_wconf 86' lang='lat' dir='ltr'><strong>simulatrix</strong></span> <span class='ocrx_word' id='word_1_136' title='bbox 823 2554 929 2631; x_wconf 80' lang='lat' dir='ltr'><strong>lingna</strong></span> <span class='ocrx_word' id='word_1_137' title='bbox 949 2553 1092 2626; x_wconf 88' lang='lat' dir='ltr'><strong>colorem,</strong></span> 
     </span>
     <span class='ocr_line' id='line_1_24' title="bbox 236 2632 1054 2717; baseline 0.004 -24"><span class='ocrx_word' id='word_1_138' title='bbox 236 2632 302 2695; x_wconf 85' lang='lat' dir='ltr'><strong>Non</strong></span> <span class='ocrx_word' id='word_1_139' title='bbox 327 2639 440 2696; x_wconf 84' lang='lat' dir='ltr'><strong>calami</strong></span> <span class='ocrx_word' id='word_1_140' title='bbox 459 2657 560 2698; x_wconf 91' lang='lat' dir='ltr'><strong>mores</strong></span> <span class='ocrx_word' id='word_1_141' title='bbox 584 2639 772 2717; x_wconf 82' lang='lat' dir='ltr'><strong>expresserit</strong></span> <span class='ocrx_word' id='word_1_142' title='bbox 793 2639 914 2699; x_wconf 90' lang='lat' dir='ltr'><strong>aemula</strong></span> <span class='ocrx_word' id='word_1_143' title='bbox 934 2639 1054 2698; x_wconf 84' lang='lat' dir='ltr'><strong>dextra.</strong></span> 
     </span>
     <span class='ocr_line' id='line_1_25' title="bbox 236 2719 1007 2800; baseline 0.004 -21"><span class='ocrx_word' id='word_1_144' title='bbox 236 2719 292 2780; x_wconf 83' lang='lat' dir='ltr'><strong>Sed</strong></span> <span class='ocrx_word' id='word_1_145' title='bbox 312 2723 486 2800; x_wconf 90' lang='lat' dir='ltr'><strong>quicunque</strong></span> <span class='ocrx_word' id='word_1_146' title='bbox 507 2724 613 2784; x_wconf 91' lang='lat' dir='ltr'><strong>volunt</strong></span> <span class='ocrx_word' id='word_1_147' title='bbox 633 2724 687 2782; x_wconf 91' lang='lat' dir='ltr'><strong>illo</strong></span> <span class='ocrx_word' id='word_1_148' title='bbox 710 2724 869 2788; x_wconf 80' lang='lat' dir='ltr'><strong>decurrere</strong></span> <span class='ocrx_word' id='word_1_149' title='bbox 889 2740 1007 2798; x_wconf 90' lang='lat' dir='ltr'><strong>eampo,</strong></span> 
     </span>
     <span class='ocr_line' id='line_1_26' title="bbox 236 2803 971 2883; baseline 0.001 -20"><span class='ocrx_word' id='word_1_150' title='bbox 236 2803 291 2864; x_wconf 92' lang='lat' dir='ltr'><strong>Per</strong></span> <span class='ocrx_word' id='word_1_151' title='bbox 314 2828 405 2883; x_wconf 90' lang='lat' dir='ltr'><strong>quem</strong></span> <span class='ocrx_word' id='word_1_152' title='bbox 431 2809 568 2870; x_wconf 88' lang='lat' dir='ltr'><strong>victrices</strong></span> <span class='ocrx_word' id='word_1_153' title='bbox 588 2809 701 2868; x_wconf 84' lang='lat' dir='ltr'><strong>flexisti</strong></span> <span class='ocrx_word' id='word_1_154' title='bbox 720 2807 803 2868; x_wconf 87' lang='lat' dir='ltr'><strong>solus</strong></span> <span class='ocrx_word' id='word_1_155' title='bbox 824 2808 971 2878; x_wconf 87' lang='lat' dir='ltr'><strong>habenas,</strong></span> 
     </span>
     <span class='ocr_line' id='line_1_27' title="bbox 236 2889 1050 2969; baseline 0.002 -23"><span class='ocrx_word' id='word_1_156' title='bbox 236 2889 418 2952; x_wconf 87' lang='lat' dir='ltr'><strong>Verberibus</strong></span> <span class='ocrx_word' id='word_1_157' title='bbox 441 2894 540 2954; x_wconf 86' lang='lat' dir='ltr'><strong>surdis</strong></span> <span class='ocrx_word' id='word_1_158' title='bbox 565 2913 685 2952; x_wconf 88' lang='lat' dir='ltr'><strong>servum</strong></span> <span class='ocrx_word' id='word_1_159' title='bbox 705 2911 799 2969; x_wconf 87' lang='lat' dir='ltr'><strong>pecus</strong></span> <span class='ocrx_word' id='word_1_160' title='bbox 823 2909 896 2949; x_wconf 86' lang='lat' dir='ltr'><strong>aera</strong></span> <span class='ocrx_word' id='word_1_161' title='bbox 910 2891 1050 2962; x_wconf 80' lang='lat' dir='ltr'><strong>caedunt,</strong></span> 
     </span>
     <span class='ocr_line' id='line_1_28' title="bbox 237 2974 944 3053; baseline 0.003 -21"><span class='ocrx_word' id='word_1_162' title='bbox 237 2974 271 3033; x_wconf 85' lang='lat' dir='ltr'><strong>Et</strong></span> <span class='ocrx_word' id='word_1_163' title='bbox 290 2979 380 3046; x_wconf 84' lang='lat' dir='ltr'><strong>vanis</strong></span> <span class='ocrx_word' id='word_1_164' title='bbox 400 2977 526 3053; x_wconf 86' lang='lat' dir='ltr'><strong>implent</strong></span> <span class='ocrx_word' id='word_1_165' title='bbox 539 2978 681 3040; x_wconf 83' lang='lat' dir='ltr'><strong>Danaeia</strong></span> <span class='ocrx_word' id='word_1_166' title='bbox 700 2977 781 3036; x_wconf 91' lang='lat' dir='ltr'><strong>dolia</strong></span> <span class='ocrx_word' id='word_1_167' title='bbox 798 2976 944 3052; x_wconf 87' lang='lat' dir='ltr'><strong>lymphis,</strong></span> 
     </span>
     <span class='ocr_line' id='line_1_29' title="bbox 237 3058 966 3140; baseline 0.001 -24"><span class='ocrx_word' id='word_1_168' title='bbox 237 3058 404 3122; x_wconf 88' lang='lat' dir='ltr'><strong>Immeritas</strong></span> <span class='ocrx_word' id='word_1_169' title='bbox 425 3062 509 3122; x_wconf 85' lang='lat' dir='ltr'><strong>soliti</strong></span> <span class='ocrx_word' id='word_1_170' title='bbox 529 3064 618 3140; x_wconf 82' lang='lat' dir='ltr'><strong>nugis</strong></span> <span class='ocrx_word' id='word_1_171' title='bbox 639 3062 815 3140; x_wconf 89' lang='lat' dir='ltr'><strong>disperdere</strong></span> <span class='ocrx_word' id='word_1_172' title='bbox 834 3062 966 3131; x_wconf 90' lang='lat' dir='ltr'><strong>chartas,</strong></span> 
     </span>
     <span class='ocr_line' id='line_1_30' title="bbox 237 3143 980 3222; baseline 0.003 -20"><span class='ocrx_word' id='word_1_173' title='bbox 237 3143 334 3222; x_wconf 83' lang='lat' dir='ltr'><strong>Ignari</strong></span> <span class='ocrx_word' id='word_1_174' title='bbox 353 3148 513 3221; x_wconf 88' lang='lat' dir='ltr'><strong>quaedam,</strong></span> <span class='ocrx_word' id='word_1_175' title='bbox 537 3167 614 3222; x_wconf 88' lang='lat' dir='ltr'><strong>quae</strong></span> <span class='ocrx_word' id='word_1_176' title='bbox 635 3148 686 3206; x_wconf 86' lang='lat' dir='ltr'><strong>dat</strong></span> <span class='ocrx_word' id='word_1_177' title='bbox 707 3155 815 3212; x_wconf 80' lang='lat' dir='ltr'><strong>natura</strong></span> <span class='ocrx_word' id='word_1_178' title='bbox 836 3145 980 3216; x_wconf 86' lang='lat' dir='ltr'><strong>creatrix,</strong></span> 
     </span>
     <span class='ocr_line' id='line_1_31' title="bbox 237 3229 1017 3304; baseline -0.001 -17"><span class='ocrx_word' id='word_1_179' title='bbox 237 3232 420 3290; x_wconf 82' lang='lat' dir='ltr'><strong>Admiranda</strong></span> <span class='ocrx_word' id='word_1_180' title='bbox 441 3233 525 3304; x_wconf 90' lang='lat' dir='ltr'><strong>viris,</strong></span> <span class='ocrx_word' id='word_1_181' title='bbox 548 3233 604 3294; x_wconf 88' lang='lat' dir='ltr'><strong>sed</strong></span> <span class='ocrx_word' id='word_1_182' title='bbox 624 3253 684 3293; x_wconf 89' lang='lat' dir='ltr'><strong>non</strong></span> <span class='ocrx_word' id='word_1_183' title='bbox 704 3232 861 3303; x_wconf 85' lang='lat' dir='ltr'><strong>imitanda,</strong></span> <span class='ocrx_word' id='word_1_184' title='bbox 879 3229 1017 3304; x_wconf 86' lang='lat' dir='ltr'><strong>relinqui.</strong></span> 
     </span>
     <span class='ocr_line' id='line_1_32' title="bbox 237 3312 1046 3394; baseline 0.001 -21"><span class='ocrx_word' id='word_1_185' title='bbox 237 3312 390 3376; x_wconf 86' lang='lat' dir='ltr'><strong>Hactenus</strong></span> <span class='ocrx_word' id='word_1_186' title='bbox 412 3318 469 3374; x_wconf 83' lang='lat' dir='ltr'><strong>hac</strong></span> <span class='ocrx_word' id='word_1_187' title='bbox 490 3325 614 3394; x_wconf 88' lang='lat' dir='ltr'><strong>poteras</strong></span> <span class='ocrx_word' id='word_1_188' title='bbox 637 3325 793 3379; x_wconf 87' lang='lat' dir='ltr'><strong>contentus</strong></span> <span class='ocrx_word' id='word_1_189' title='bbox 819 3317 921 3374; x_wconf 83' lang='lat' dir='ltr'><strong>vivere</strong></span> <span class='ocrx_word' id='word_1_190' title='bbox 943 3315 1046 3374; x_wconf 86' lang='lat' dir='ltr'><strong>laude:</strong></span> 
     </span>
     <span class='ocr_line' id='line_1_33' title="bbox 238 3397 1078 3480; baseline 0.001 -24"><span class='ocrx_word' id='word_1_191' title='bbox 238 3397 305 3461; x_wconf 88' lang='lat' dir='ltr'><strong>Non</strong></span> <span class='ocrx_word' id='word_1_192' title='bbox 328 3410 430 3460; x_wconf 90' lang='lat' dir='ltr'><strong>tamen</strong></span> <span class='ocrx_word' id='word_1_193' title='bbox 450 3403 606 3480; x_wconf 85' lang='lat' dir='ltr'><strong>ingenium</strong></span> <span class='ocrx_word' id='word_1_194' title='bbox 628 3402 703 3460; x_wconf 87' lang='lat' dir='ltr'><strong>felix</strong></span> <span class='ocrx_word' id='word_1_195' title='bbox 725 3404 783 3460; x_wconf 92' lang='lat' dir='ltr'><strong>hoc</strong></span> <span class='ocrx_word' id='word_1_196' title='bbox 804 3403 864 3458; x_wconf 92' lang='lat' dir='ltr'><strong>fine</strong></span> <span class='ocrx_word' id='word_1_197' title='bbox 886 3400 1008 3474; x_wconf 87' lang='lat' dir='ltr'><strong>quievit.</strong></span> <span class='ocrx_word' id='word_1_198' title='bbox 1074 3460 1078 3467; x_wconf 63' lang='grc'><em>,</em></span> 
     </span>
     <span class='ocr_line' id='line_1_34' title="bbox 238 3482 1099 3564; baseline 0.005 -23"><span class='ocrx_word' id='word_1_199' title='bbox 238 3482 299 3544; x_wconf 85' lang='lat' dir='ltr'><strong>Neo</strong></span> <span class='ocrx_word' id='word_1_200' title='bbox 319 3487 405 3564; x_wconf 90' lang='lat' dir='ltr'><strong>prius</strong></span> <span class='ocrx_word' id='word_1_201' title='bbox 426 3487 559 3562; x_wconf 87' lang='lat' dir='ltr'><strong>imponis</strong></span> <span class='ocrx_word' id='word_1_202' title='bbox 583 3487 691 3548; x_wconf 91' lang='lat' dir='ltr'><strong>studiis</strong></span> <span class='ocrx_word' id='word_1_203' title='bbox 715 3494 887 3561; x_wconf 84' lang='lat' dir='ltr'><strong>metamque</strong></span> <span class='ocrx_word' id='word_1_204' title='bbox 906 3485 1099 3560; x_wconf 86' lang='lat' dir='ltr'><strong>modumque,</strong></span> 
     </span>
     <span class='ocr_line' id='line_1_35' title="bbox 240 3570 1081 3649; baseline 0.002 -21"><span class='ocrx_word' id='word_1_205' title='bbox 240 3570 332 3645; x_wconf 82' lang='lat' dir='ltr'><strong>Quam</strong></span> <span class='ocrx_word' id='word_1_206' title='bbox 355 3573 464 3636; x_wconf 86' lang='lat' dir='ltr'><strong>mentis</strong></span> <span class='ocrx_word' id='word_1_207' title='bbox 481 3572 589 3649; x_wconf 82' lang='lat' dir='ltr'><strong>vigiles</strong></span> <span class='ocrx_word' id='word_1_208' title='bbox 611 3573 719 3642; x_wconf 88' lang='lat' dir='ltr'><strong>Latiae</strong></span> <span class='ocrx_word' id='word_1_209' title='bbox 740 3589 796 3648; x_wconf 89' lang='lat' dir='ltr'><strong>per</strong></span> <span class='ocrx_word' id='word_1_210' title='bbox 814 3578 918 3645; x_wconf 89' lang='lat' dir='ltr'><strong>operta</strong></span> <span class='ocrx_word' id='word_1_211' title='bbox 940 3574 1081 3631; x_wconf 83' lang='lat' dir='ltr'><strong>senectae</strong></span> 
     </span>
     <span class='ocr_line' id='line_1_36' title="bbox 238 3652 1024 3732; baseline -0.001 -19"><span class='ocrx_word' id='word_1_212' title='bbox 238 3652 383 3717; x_wconf 85' lang='lat' dir='ltr'><strong>Immittas</strong></span> <span class='ocrx_word' id='word_1_213' title='bbox 408 3657 523 3729; x_wconf 87' lang='lat' dir='ltr'><strong>oculos,</strong></span> <span class='ocrx_word' id='word_1_214' title='bbox 547 3665 576 3715; x_wconf 93' lang='lat' dir='ltr'><strong>et</strong></span> <span class='ocrx_word' id='word_1_215' title='bbox 598 3657 716 3718; x_wconf 82' lang='lat' dir='ltr'><strong>scrinia·</strong></span> <span class='ocrx_word' id='word_1_216' title='bbox 731 3655 885 3732; x_wconf 88' lang='lat' dir='ltr'><strong>praepetis</strong></span> <span class='ocrx_word' id='word_1_217' title='bbox 907 3656 975 3713; x_wconf 87' lang='lat' dir='ltr'><strong>aevi</strong></span> <span class='ocrx_word' id='word_1_218' title='bbox 1021 3693 1024 3696; x_wconf 85' lang='lat'><strong>·</strong></span> 
     </span>
     <span class='ocr_line' id='line_1_37' title="bbox 239 3737 1092 3818; baseline 0.004 -20"><span class='ocrx_word' id='word_1_219' title='bbox 239 3737 417 3813; x_wconf 87' lang='lat' dir='ltr'><strong>Recludens,</strong></span> <span class='ocrx_word' id='word_1_220' title='bbox 432 3741 560 3804; x_wconf 83' lang='lat' dir='ltr'><strong>‚Romae</strong></span> <span class='ocrx_word' id='word_1_221' title='bbox 581 3760 661 3818; x_wconf 85' lang='lat' dir='ltr'><strong>quas¹</strong></span> <span class='ocrx_word' id='word_1_222' title='bbox 678 3761 740 3800; x_wconf 85' lang='lat' dir='ltr'><strong>nox</strong></span> <span class='ocrx_word' id='word_1_223' title='bbox 760 3740 872 3816; x_wconf 86' lang='lat' dir='ltr'><strong>premit</strong></span> <span class='ocrx_word' id='word_1_224' title='bbox 891 3740 954 3797; x_wconf 84' lang='lat' dir='ltr'><strong>alta</strong></span> <span class='ocrx_word' id='word_1_225' title='bbox 975 3741 1092 3813; x_wconf 84' lang='lat' dir='ltr'><strong>ruinas,</strong></span> 
     </span>
     <span class='ocr_line' id='line_1_38' title="bbox 240 3821 968 3907; baseline 0.001 -27"><span class='ocrx_word' id='word_1_226' title='bbox 240 3821 272 3882; x_wconf 94' lang='lat' dir='ltr'><strong>In</strong></span> <span class='ocrx_word' id='word_1_227' title='bbox 293 3825 388 3886; x_wconf 89' lang='lat' dir='ltr'><strong>solem</strong></span> <span class='ocrx_word' id='word_1_228' title='bbox 409 3844 561 3903; x_wconf 77' lang='lat' dir='ltr'><strong>exponas,¹</strong></span> <span class='ocrx_word' id='word_1_229' title='bbox 579 3836 609 3886; x_wconf 91' lang='lat' dir='ltr'><strong>et</strong></span> <span class='ocrx_word' id='word_1_230' title='bbox 632 3825 746 3907; x_wconf 86' lang='lat' dir='ltr'><strong>amanti</strong></span> <span class='ocrx_word' id='word_1_231' title='bbox 765 3825 848 3884; x_wconf 88' lang='lat' dir='ltr'><strong>seria</strong></span> <span class='ocrx_word' id='word_1_232' title='bbox 868 3843 968 3884; x_wconf 88' lang='lat' dir='ltr'><strong>rerum</strong></span> 
     </span>
    </p>

    <p class='ocr_par' dir='ltr' id='par_1_3' title="bbox 898 3907 944 3967">
     <span class='ocr_line' id='line_1_39' title="bbox 898 3907 944 3967; baseline 0 -29"><span class='ocrx_word' id='word_1_233' title='bbox 898 3910 915 3967; x_wconf 72' lang='grc'>7</span> <span class='ocrx_word' id='word_1_234' title='bbox 927 3907 944 3938; x_wconf 65' lang='grc' dir='ltr'><strong>θ</strong></span> 
     </span>
    </p>
   </div>
   <div class='ocr_carea' id='block_1_3' title="bbox 0 0 1504 4725">
    <p class='ocr_par' dir='ltr' id='par_1_4' title="bbox 0 0 1504 4725">
     <span class='ocr_line' id='line_1_40' title="bbox 0 0 1504 4725; baseline 0 0"><span class='ocrx_word' id='word_1_235' title='bbox 0 0 1504 4725; x_wconf 95' lang='lat' dir='ltr'><strong> </strong></span> 
     </span>
    </p>
   </div>
  </div>
 </body>
</html>
