3000 4725
785 619 825 677 ct

346 782 420 843 Non
441 784 558 843 luorum
579 785 680 856 velox,
699 804 895 863 quoscunque
918 786 1130 864 relinquimus,
1154 792 1250 865 nuxit,

390 868 462 929 Vita
481 870 535 929 sed
557 870 693 929 excultos
716 873 818 931 sobria
839 872 938 949 parsit
960 892 1047 949 opes,

348 952 434 1029 Quos
456 963 555 1031 pater,
577 963 606 1012 et
628 957 749 1033 generis
773 958 870 1017 series
891 957 1073 1034 longissimo
1091 960 1189 1035 prisci

390 1039 505 1115 Liquit,
527 1048 556 1097 et
578 1058 597 1097 a
618 1060 732 1117 proavo
754 1043 852 1102 misso
869 1049 993 1119 potente
1012 1043 1129 1102 domos.

348 1123 422 1184 Otia
441 1126 597 1183 Musarum
621 1144 709 1185 ouras
731 1128 864 1185 mulsere
885 1128 1039 1187 forenses:

388 1208 565 1287 Perfugium
588 1210 696 1270 studiis
717 1211 774 1268 illo
795 1212 881 1269 fuere
904 1212 991 1271 meis.

346 1294 429 1353 Pure
446 1294 586 1352 valetudo
608 1296 700 1354 nullis
722 1297 845 1373 pulsatu
862 1296 1006 1371 procellis

390 1377 519 1455 Semper
538 1380 689 1440 inoffenso
711 1382 815 1440 functe
833 1390 939 1439 tenore
962 1400 1016 1440 suo
1037 1391 1093 1441 est

348 1462 505 1523 Curriculo
525 1472 678 1523 extremae
699 1483 896 1541 permensum
916 1466 1008 1543 longo
1027 1475 1171 1527 senectae

391 1549 530 1626 Occupat
551 1557 654 1625 optato
675 1551 736 1607 fine
759 1552 850 1609 beato
870 1551 967 1624 quies.
1244 1621 1248 1630 ἱ

347 1635 432 1693 Mors
453 1653 569 1710 quoque
588 1634 712 1693 laudato
735 1644 791 1693 est.
811 1636 927 1713 gemitu
948 1635 1144 1713 lacrimisque
1157 1634 1263 1699 Sensti

389 1720 521 1791 Efferor,
546 1726 575 1776 et
595 1722 703 1796 populi
724 1729 802 1779 teste
825 1720 926 1778 dolore
947 1721 1041 1779 fruor.

347 1804 436 1863 Haeo
458 1804 554 1862 series
578 1804 668 1863 vitae.
692 1805 833 1864 monibus
856 1806 895 1863 dn
914 1805 981 1863 lilia
1000 1806 1100 1880 plenis

390 1889 526 1965 Hospes,
548 1896 578 1946 et
602 1890 738 1965 exequiis
762 1890 864 1949 inusto
884 1909 1009 1965 precoro
1032 1893 1119 1950 meis.

347 1977 389 2034 At
410 1974 466 2032 tibi
488 1974 644 2051 continget
664 1983 802 2033 votorum
826 1994 946 2033 summo
965 1983 1091 2034 tuorum.

391 2056 425 2118 Si
449 2058 493 2117 sio
515 2058 629 2130 vixisti,
651 2060 695 2119 sic
711 2067 802 2137 potes
824 2060 892 2136 ipse
912 2061 997 2119 mori.

438 2152 511 2202 Obiit
529 2152 676 2219 christoph.
699 2156 827 2205 Thuonns
850 2156 910 2206 Kal.
932 2155 1064 2207 IXbribns
1083 2157 1164 2206 Anno
1189 2156 1263 2221 1582,

348 2238 406 2271 oum
425 2237 507 2271 annos
526 2219 568 2281 74,
585 2238 666 2277 mens.
683 2222 707 2283 3,
727 2227 753 2273 d.
773 2224 790 2273 5
810 2226 947 2288 exegisset.

423 2380 451 2436 2.
494 2379 602 2454 Elepto
620 2382 652 2436 in
678 2379 711 2438 V.
738 2378 768 2436 C.
789 2382 911 2438 Ioannis
934 2380 1050 2438 Thraeci
1069 2383 1184 2440 obitam.
1242 2433 1246 2440 .

348 2465 427 2540 Ergo
446 2463 595 2535 funestos,
616 2464 722 2541 regina
743 2464 877 2536 Lutetia,
899 2464 996 2522 cultus

391 2547 505 2620 Sumis,
526 2555 557 2604 et
572 2548 608 2604 iu·
625 2549 709 2606 vultu
734 2550 823 2626 signa
845 2549 976 2607 dolentis
1002 2548 1111 2607 habes.

349 2632 469 2693 Occidit
490 2633 527 2690 ah
552 2633 644 2692 decus
666 2634 719 2691 ille
739 2643 835 2707 tuum,
858 2642 911 2692 tuo
933 2652 1005 2692 cura
1026 2633 1185 2708 Thuanus,

390 2717 490 2794 Atque
512 2725 559 2776 est
580 2719 658 2794 qnod
678 2719 789 2777 feretro
810 2719 898 2777 triste
916 2719 1036 2776 levatur
1059 2738 1146 2778 onus.

349 2802 492 2864 Summus
516 2802 719 2877 alumnorum,
740 2823 817 2879 quos
841 2803 879 2860 nd
900 2803 1027 2880 fastigio
1046 2803 1170 2864 laudum

389 2889 517 2948 Virtutis
539 2888 660 2946 fervens
682 2891 814 2965 impetus
838 2889 997 2946 extulerat

349 2973 428 3047 Quid
444 2992 551 3051 genus,
564 2982 616 3031 sut
627 2981 800 3049 praestans,
817 2975 960 3031 iuvenum
976 2973 1154 3046 lectissime,
1168 2974 1259 3032 virtus

389 3057 521 3130 Profuit,
541 3067 593 3116 aut
613 3059 723 3120 mentis
746 3060 792 3117 vis
815 3077 963 3136 generosa
983 3058 1050 3130 tibi,

350 3141 384 3203 Si
407 3162 490 3202 mors
514 3151 584 3201 ante
606 3143 684 3201 diem
705 3151 734 3200 te
754 3145 862 3201 funere
883 3144 1007 3202 damnet
1023 3143 1148 3204 acerbo:

296 3265 302 3276 ·
390 3228 526 3286 Iniecere
548 3229 653 3288 avidas
677 3228 705 3287 si
725 3227 779 3286 tibi
801 3228 882 3290 Fata,
897 3228 1028 3286 manus?

349 3315 390 3372 At
413 3313 467 3370 tibi
489 3314 520 3370 in
543 3325 671 3390 augusto
695 3313 815 3370 culmen
835 3313 965 3377 sublime
987 3310 1102 3372 Senatu

391 3396 495 3456 Firmo
518 3399 711 3474 spondebant
729 3399 832 3456 omino
853 3406 934 3456 certa
953 3398 1021 3455 fide.

349 3483 389 3542 Et
411 3483 466 3540 tibi
485 3483 598 3542 adhoc
622 3484 727 3555 virtus,
752 3491 782 3541 et
802 3482 864 3541 vita
882 3482 1003 3540 exculta
1023 3500 1078 3558 per
1098 3490 1191 3554 ortes,

391 3566 545 3642 Famaque
567 3570 605 3626 ab
629 3569 762 3645 antiquis
783 3568 879 3627 missa
898 3567 1022 3625 favebat
1043 3566 1120 3637 uvis,

349 3652 390 3710 Et
413 3650 548 3726 Genitor,
570 3672 659 3727 quem
682 3654 709 3712 si
730 3655 786 3711 tibi
805 3673 865 3712 non
885 3651 1004 3710 Natura
1027 3651 1172 3723 dedisset,

392 3737 424 3796 Is
446 3738 561 3796 meritis
585 3737 679 3794 animi
697 3739 758 3796 iam
781 3746 851 3796 tuus
875 3756 945 3796 esse
966 3744 1079 3813 potest.

351 3820 397 3879 Te
419 3822 549 3898 primum
573 3822 652 3882 sacri
673 3820 790 3882 Genius
814 3822 940 3881 Themis
961 3821 1048 3894 ulmo,
1064 3818 1169 3880 Sennti
