3000 4725
755 654 811 719 .3l

375 821 530 879 Innocuos
554 839 652 879 mores
677 828 708 878 et
730 821 798 880 sine
819 822 899 894 labe,
920 828 1012 879 notat.
1070 886 1079 903 ο

375 989 520 1050 culturae
539 998 569 1047 et
590 1009 708 1051 morum
732 992 832 1069 signa,
857 991 993 1063 Melissa
1016 992 1108 1069 geris.

492 1160 543 1217 32.
588 1162 627 1217 Iu
647 1158 730 1216 Lilia
753 1162 906 1217 eorundem
926 1163 1090 1236 imiquium.

331 1245 414 1305 Lilia
434 1244 642 1320 Francigenae
663 1244 784 1301 fuerant
806 1245 940 1322 insignia
962 1247 1074 1322 gentis,

376 1328 464 1390 Celta
486 1329 535 1387 eui
558 1330 656 1387 victus
679 1328 801 1387 subdita
821 1329 901 1388 colla
920 1330 1012 1387 dedit.

332 1415 424 1476 Nunc
446 1434 493 1486 ea,
516 1413 571 1471 sed
594 1413 718 1471 vixdum
740 1416 854 1473 veteris
878 1415 1065 1493 cognominis
1089 1418 1212 1490 haeres,

376 1499 531 1560 Confusus
555 1497 681 1558 Francis
702 1498 822 1557 hibrida
845 1499 953 1559 Gallus
975 1501 1085 1560 habet:

332 1588 373 1646 Et
395 1585 479 1644 nullo
502 1584 614 1663 gentis,
638 1583 722 1640 nullo
743 1583 862 1644 virtutis
884 1587 1013 1657 honore,

376 1669 520 1749 cognatis
544 1668 677 1726 maculat
700 1675 860 1729 stemmata
880 1672 983 1747 prisea
1005 1672 1097 1729 notis.

332 1759 392 1819 Ast
411 1756 466 1814 tibi
489 1754 537 1813 vel
560 1753 673 1830 duplici
694 1761 766 1811 sunt
790 1756 893 1814 debita
915 1756 991 1825 iure,
1014 1756 1153 1827 Melisse‚

376 1841 466 1915 Quod
487 1841 582 1900 virtus
605 1846 636 1895 et
657 1857 733 1915 gens
757 1842 812 1901 illa
832 1842 943 1921 dedere
967 1839 1031 1899 tibi.

564 2014 615 2072 33.
661 2016 700 2071 In
721 2015 882 2089 Imaginem
903 2012 1025 2070 Melissi.

335 2094 464 2155 Caetera
484 2097 619 2155 membra
642 2098 702 2155 mei
726 2097 934 2173 spirantiaque
959 2116 1014 2155 ora
1032 2102 1154 2173 poetae,

377 2180 509 2238 Artificis
530 2182 631 2258 potuit
652 2183 776 2259 pingere
798 2182 888 2241 docta
908 2200 1036 2253 manus;

287 2304 293 2315 ι
334 2262 397 2325 Sed
416 2284 531 2339 verum,
553 2274 584 2327 et
605 2267 705 2325 vivum
727 2275 837 2339 vatem,
863 2273 1016 2342 totumque
1038 2265 1211 2337 Melinum,

376 2348 567 2428 Expressum
589 2352 619 2410 iu
643 2359 750 2411 nostro
772 2359 895 2428 pectore
923 2351 1051 2428 sculpsit
1070 2370 1165 2410 amor.

394 2520 445 2578 sl.
490 2523 692 2580 Illustrissimo
722 2523 847 2580 Domino
876 2523 1002 2580 Heortco
1031 2522 1189 2592 Borbom'o,

620 2607 803 2664 Dumburum
825 2607 966 2682 Principi.

336 2687 364 2748 O
388 2707 477 2763 quem
499 2699 529 2747 te
552 2691 661 2762 dicam,
686 2691 826 2766 quoniam
849 2690 1000 2750 natalibus
1025 2691 1118 2748 audes

377 2773 478 2833 Altius
501 2775 620 2834 eximiis
644 2777 803 2836 exeruisse
825 2784 924 2853 eaput.

336 2857 384 2916 Tu
408 2878 504 2936 genus
520 2859 667 2920 Heroum
690 2863 799 2921 studiis
819 2870 908 2937 atque
934 2861 1050 2919 artibus
1075 2860 1148 2919 olim

378 2944 507 3004 Missum
528 2965 585 3022 per
606 2947 709 3024 Reges
732 2956 862 3005 stemma
883 2947 976 3005 tueris
997 2964 1083 3004 avos.

335 3031 377 3088 At
398 3031 506 3105 quibus
527 3031 674 3090 illustreis
701 3040 785 3090 ortus
807 3039 915 3090 natura
937 3031 1069 3109 negavit,

377 3113 437 3172 His
458 3116 552 3175 virtus
575 3117 672 3176 instar
691 3117 855 3174 nobilitatis
879 3117 943 3174 erit.

336 3195 376 3256 Et
396 3197 467 3256 lieet
490 3200 528 3257 ad
547 3201 667 3258 laudem
692 3201 791 3259 cuncti
816 3219 992 3279 grassemur
1012 3201 1142 3258 honesto

380 3280 530 3356 Consilio,
553 3304 670 3345 merces
692 3293 875 3344 nontamen
897 3305 994 3360 aequa
1015 3291 1124 3342 manet.

336 3365 419 3424 Nam
443 3369 538 3428 virtus
563 3370 642 3430 alios
665 3371 805 3429 homines
827 3370 983 3428 Heroibus
1005 3376 1124 3443 aequat,

378 3451 517 3510 Heroum
539 3463 628 3515 natos
649 3457 705 3515 sed
725 3455 808 3513 iubet
828 3473 899 3513 esse
923 3454 1019 3513 Deos.

336 3705 522 3765 Francorum
545 3708 620 3766 nulli
643 3626 762 3788 Regini
784 3626 905 3786 piiiiaeii
920 3707 1082 3768 seeundum

382 3790 490 3850 Trans·
505 3793 601 3850 maria
622 3796 725 3853 erexit
743 3794 910 3872 relligionis
933 3813 1028 3852 amor.

338 3875 396 3935 Ille
414 3877 588 3955 triumphati
611 3880 716 3956 spoliis
740 3880 876 3940 Orientis
900 3887 1038 3951 onustus,
