3000 4725
618 622 769 717 Q

243 790 391 849 lluniman
410 788 497 847 ictus
509 788 629 862 hostici,
649 800 739 867 caput
758 798 849 868 teget.

243 875 354 933 Intacta
375 872 570 932 vermiculata
591 874 751 933 claxendix
771 876 880 934 domos

243 956 379 1019 Servabit
396 957 484 1031 alias,
506 958 613 1019 incolis
634 960 786 1037 stupenda
805 978 871 1019 rear

243 1042 324 1117 Quod
343 1043 458 1120 templa
478 1044 519 1101 ad
540 1043 602 1103 alta
626 1045 819 1121 siderumque
842 1043 973 1103 subices

242 1128 337 1187 Ducet
361 1129 439 1189 duos
460 1128 629 1205 Lapersios
649 1131 870 1200 medioxumos,

243 1213 324 1288 Quos
345 1232 500 1291 nunquam
519 1214 550 1271 in
574 1216 675 1273 orbem
695 1215 834 1291 Iuppiter
856 1230 968 1291 sospes
991 1232 1090 1271 meum

241 1297 337 1358 Duxis
359 1298 535 1373 bipraedem
557 1298 741 1359 liberaturos
764 1299 878 1358 sabim:

241 1381 304 1441 Nec
324 1383 374 1441 vel
397 1383 513 1442 celoces
534 1384 720 1445 instruentes
742 1384 898 1456 classium,
1003 1453 1006 1459 Ι

241 1468 265 1526 E
285 1487 387 1548 puppe
411 1487 527 1527 summa
550 1470 680 1546 nudipes
702 1469 865 1547 vestigium

241 1552 353 1613 Hostes
378 1560 497 1615 vetusto
521 1552 841 1632 Bebrycumrinfigant
862 1554 944 1614 solo:
1057 1573 1059 1576 ·

241 1637 344 1713 Neque
367 1638 425 1696 hos
451 1637 554 1697 leones
578 1648 737 1699 antenntes
761 1638 887 1710 viribus,

240 1722 313 1805 ¹Duri
334 1722 445 1795 duello,
466 1741 601 1799 quosque
622 1726 742 1783 Mavors
766 1724 907 1800 armiger,

243 1808 325 1883 Quos
345 1806 509 1880 Nerienes,
529 1807 627 1884 (lapte
648 1826 725 1883 quos
747 1817 830 1867 amat
849 1802 907 1868 d'ea

241 1892 332 1951 Boum
354 1894 437 1970 iuga,
463 1900 493 1951 et
516 1891 629 1953 Curitis
651 1894 814 1952 Homolois
834 1893 900 1951 dea.

242 1976 323 2037 Haec
346 1996 426 2053 qnae
447 1976 582 2037 cluentes
604 1986 669 2037 erte
687 1979 805 2037 fabrica
826 1978 896 2050 dno,

242 2060 512 2139 Querquetulanus,
536 2061 657 2123 Consus
684 2071 716 2123 et
738 2061 891 2122 Cromnae
911 2062 1077 2138 imperans,

243 2144 385 2211 Struxere
408 2147 559 2221 quondam
582 2148 731 2225 peieranti
756 2148 894 2225 principi,

243 2229 348 2292 Crudie
373 2232 453 2289 diem
475 2252 568 2307 unum
591 2233 643 2291 vix
663 2234 742 2309 lupis
765 2232 942 2291 suffecerint

242 2315 307 2376 Vim
327 2316 519 2376 fulminantis
543 2318 676 2396 impetus
699 2318 864 2396 depellere,

242 2399 386 2474 Quamvis
408 2403 441 2462 in
464 2405 585 2463 arcibus
606 2402 828 2464 Canastraeum
851 2421 973 2481 gravem

243 2485 383 2566 Giganta,
408 2495 553 2548 constans
574 2489 702 2548 hostium
724 2489 913 2566 repagulum,

242 2569 405 2645 Habentia,
426 2580 517 2648 atque
540 2581 622 2632 certa
644 2575 775 2651 primurn
794 2575 923 2652 verbera
953 2615 956 2618 ⁴

243 2657 369 2718 Vibrarc
387 2665 541 2734 promtum
560 2658 741 2717 lancinatori
762 2659 876 2735 gregis,

242 2741 279 2800 Et
300 2744 387 2802 cuius
408 2743 472 2801 iras
494 2743 608 2818 primus
634 2743 780 2801 accendet
799 2760 926 2819 graves⁴

242 2830 394 2906 Acceptor·
416 2835 495 2900 acer,
522 2828 668 2886 lubricum
690 2826 800 2886 saltum
822 2827 931 2897 citans,

242 2911 313 2972 Flos
336 2913 404 2988 ipse
425 2911 564 2984 Graium,
586 2914 635 2970 cui
655 2912 862 2989 Dolongorurn
883 2910 1007 2988 elegans

244 2997 324 3056 Olim
347 2997 518 3073 sepulcrum
538 2998 605 3074 ripa
628 2997 769 3056 defuncto
793 3002 882 3074 parat

243 3081 384 3142 Rumona
404 3101 499 3142 cornu
518 3084 696 3160 prominens
716 3081 907 3159 peninsulae.

243 3168 376 3230 Accedet
396 3167 609 3243 insperatus[,]
634 3169 757 3226 accedet
779 3175 880 3225 tamen

243 3250 342 3312 Nobis
365 3253 480 3312 amicus
501 3272 722 3330 sospesunus,
744 3252 910 3328 Drymniua

243 3335 327 3398 Deus
349 3337 569 3398 Promontheus
590 3339 737 3415 Aethiops
761 3336 960 3414 Gyrapaius,¹

244 3420 301 3494 Qui
321 3423 478 3482 bitientem
502 3422 620 3498 quando
638 3425 797 3482 Mutunnm
818 3421 903 3479 atriis

244 3504 410 3566 Nocentem
429 3527 532 3566 amare
554 3510 650 3583 pestis
671 3508 831 3566 admittent
851 3525 948 3577 reum,

244 3589 283 3650 Et
303 3611 380 3668 quoe
403 3594 523 3666 acerba,
546 3611 680 3669 quosque
702 3611 804 3650 rerum
824 3591 993 3668 asperrima

245 3675 379 3750 Manent,
404 3677 482 3755 dape
507 3686 596 3753 atque
615 3677 724 3736 inferio
745 3677 890 3736 libamine

245 3760 376 3821 Mactare
397 3764 587 3825 conabuntur
603 3763 748 3820 immitem
768 3759 911 3838 Crepnm.

248 3843 375 3908 Gravem
395 3849 554 3907 tumultum
577 3856 673 3924 ponet
692 3848 725 3910 in
737 3846 894 3906 *convivia
