3000 4725
625 603 777 698 Q

247 769 308 829 Nee
330 772 419 843 dixit,
440 772 532 844 Aiax,
556 789 650 831 sensa
669 772 724 831 sed
747 772 858 830 mentis
883 779 943 831 tna.

246 856 287 914 Te
308 856 430 933 respice
448 876 535 934 ergo:
559 857 598 915 da
619 856 715 913 locum
738 857 920 930 sententiae,

245 940 317 999 Tuis
339 942 575 1018 amicis,'atque
597 940 694 1000 missa
713 942 790 999 haec
810 941 854 1000 sis
877 942 954 999 faoe.

245 1024 312 1083 Teo.
353 1024 483 1085 Nullum
503 1034 561 1099 est,
585 1027 658 1083 here
678 1026 772 1099 Aiax,
795 1026 936 1086 omnibus
959 1028 1139 1089 mortalibus
1159 1027 1211 1084 485

243 1109 448 1170 Necessitatis
469 1112 590 1188 legibus
613 1110 710 1169 mains
732 1111 856 1170 malum.

242 1195 303 1272 ligo
324 1196 450 1273 quidem
472 1216 540 1255 sum
563 1206 646 1254 oreta
666 1196 762 1253 libero
780 1205 878 1273 patro,

242 1279 345 1356 Iloque
369 1282 444 1353 dite,
469 1281 586 1357 siquis
610 1282 688 1340 alius
710 1289 757 1341 est
777 1281 942 1360 Phrygum.

242 1363 329 1422 Nunc
349 1366 509 1425 servitutis
529 1367 706 1442 compotivit
724 1386 774 1424 me
795 1367 893 1439 Deus,

242 1449 279 1507 Ilt
299 1458 353 1508 tua
374 1451 517 1509 domitrix
539 1451 837 1528 dextrapostquam
859 1472 931 1529 ergo
955 1452 987 1509 iu
1006 1460 1090 1511 tuum
1159 1462 1212 1515 490

244 1532 347 1593 Cubile
370 1536 514 1608 conveni,
539 1555 579 1594 ex
601 1555 638 1595 eo
662 1537 770 1595 studeo
791 1537 856 1595 tibi.

244 1616 325 1691 Quod
347 1622 478 1679 obsecro
500 1628 530 1677 te
548 1639 662 1697 perque
685 1640 872 1679 communem
894 1621 1000 1692 larem,

244 1701 428 1781 sociumque
449 1706 572 1778 lectum,
594 1705 625 1762 in
648 1724 737 1780 quem
760 1716 883 1783 optume
905 1706 1113 1778 convenimus

242 1785 299 1861 Ne,
327 1789 400 1848 dum
422 1810 472 1848 me
492 1790 607 1864 iniquis
629 1791 724 1849 tradis
749 1791 781 1849 in
803 1810 926 1849 manum
946 1791 1017 1863 tuis,

244 1870 418 1948 Committe,
441 1884 474 1933 ut
497 1875 536 1933 iis
558 1875 703 1933 infamiae
725 1876 757 1933 in
781 1894 891 1935 caussa
912 1876 1004 1935 fuam.

244 1954 274 2017 Si
296 1960 437 2032 moreris,
459 1978 495 2016 ao
514 1979 574 2019 nos
597 1969 695 2018 morte
717 1961 857 2020 destituis
880 1969 943 2031 tua,

243 2041 328 2102 Ilicet
351 2045 459 2103 eodem
482 2052 599 2119 raptam
621 2046 658 2103 ab
682 2046 804 2123 Argivis
826 2046 883 2120 die,

243 2126 455 2204 Tractamque,
479 2147 587 2203 meque
603 2130 822 2205 parvulumque
842 2130 956 2202 diriter,

243 2210 437 2272 damularum
457 2215 497 2271 od
516 2234 609 2272 unum
634 2215 743 2291 degere
766 2224 896 2274 aetatem
921 2220 1052 2273 autumo.

244 2296 390 2357 Oratione
411 2308 476 2357 tum
499 2300 567 2375 quis
590 2300 720 2359 incilan's
742 2301 841 2361 malus

242 2379 396 2444 Dominus
418 2403 533 2457 amara,
553 2386 681 2462 aspicite
704 2388 872 2464 coniugem,
896 2385 1021 2460 inquiet,

243 2469 355 2543 Aiacis,
368 2466 522 2546 -Argivrtm
546 2471 680 2529 omnium
702 2471 879 2542 fortissumi,

244 2551 328 2626 Quae
351 2555 498 2614 servitute
518 2555 608 2628 quale
632 2557 758 2614 mutavit
778 2555 895 2615 decus?

244 2634 328 2696 Haec
350 2640 432 2697 dicet
452 2639 574 2715 aliquis.
598 2660 647 2698 me
667 2642 787 2715 quidem
809 2642 943 2698 incesset
964 2636 1058 2696 Deus.

243 2719 412 2784 Inhonesta
428 2743 501 2782 vero
523 2725 599 2783 haec
620 2735 651 2783 et
670 2727 726 2785 tibi
749 2725 861 2784 et'tuis
885 2730 981 2780 erunt.

245 2803 303 2866 Sed
324 2817 501 2868 revereatur
522 2819 552 2867 tc
574 2811 681 2886 patris,
702 2828 791 2885 quem
814 2810 845 2866 in
868 2806 951 2866 exita

244 2893 352 2952 Aetate
378 2894 507 2968 linquis:
528 2895 583 2954 sed
606 2896 646 2954 sit
664 2903 694 2952 et
715 2894 836 2969 quidem
858 2891 956 2969 pudor

244 2974 388 3037 Parentis
409 2979 498 3037 annis
520 2980 648 3053 obsitae,
673 2999 751 3056 qnae
773 2977 897 3055 saepius

244 3059 355 3121 Redire
378 3072 407 3121 te
430 3072 516 3139 optat
534 3065 636 3122 vivum
657 3075 687 3122 et
706 3064 891 3123 incolumem
913 3059 1044 3118 domum.

244 3144 390 3206 Miserere
412 3150 495 3226 gnati
517 3150 654 3226 parvoli:
679 3150 828 3225 siquidem
851 3148 916 3206 cibo

246 3227 360 3292 (lassus
381 3234 504 3292 novello
525 3242 555 3292 te
575 3235 642 3294 sine
664 3243 795 3293 aetatem
820 3233 922 3309 exiget

244 3312 285 3373 Ut
306 3319 411 3390 orbus,
431 3326 462 3375 at
482 3339 546 3376 non
566 3338 664 3378 carus.
686 3321 725 3378 oh
747 3319 868 3394 quantis
892 3313 992 3386 malis,

247 3396 279 3458 si
296 3404 438 3475 moreris,
460 3404 558 3478 illum,
580 3424 688 3479 meque
710 3412 883 3480 compotem
907 3399 999 3458 faciel

246 3481 289 3542 Te
310 3497 431 3563 praeter
454 3488 537 3546 aliud
555 3491 702 3567 praesidii
719 3488 763 3548 nil
785 3489 933 3562 reliquum

246 3566 352 3631 Video.
372 3581 424 3632 tua
445 3593 519 3632 nam·
537 3575 638 3651 patria
660 3574 760 3632 deleta
783 3582 831 3632 est
851 3591 953 3643 manu,

248 3650 460 3734 Genitrixque:
481 3660 598 3736 genitor
621 3659 732 3718 occidit
753 3659 814 3716 fato
835 3677 899 3729 suo,

247 3735 285 3796 Et
303 3742 466 3802 mortuales
487 3744 621 3804 incolunt
644 3744 716 3804 Orci
736 3743 852 3802 domus.

249 3819 342 3896 Quam
362 3846 478 3904 quaeso
500 3829 618 3888 dulcem
641 3847 813 3907 comparem
835 3825 962 3904 patriam
984 3822 1060 3882 tibi?
