3000 4725
730 640 881 734 ffl-

356 810 500 870 Natantis
524 810 587 867 alni
607 809 772 881 caudicem,
794 817 829 867 ut
851 810 1060 886 crepusculum

356 895 466 954 Puella
488 914 599 967 serum,
622 893 724 953 mobili
750 894 818 952 visu
838 894 957 973 legens,

357 982 484 1041 Aheneo
504 980 630 1038 latronis
654 996 727 1037 ense
750 979 864 1037 territa.

281 1060 349 1120 14³5
358 1065 446 1124 Multi
466 1064 601 1137 labores,
621 1064 717 1121 multa
734 1064 809 1122 belli
830 1064 938 1122 funera

355 1151 454 1209 Erunt
473 1151 613 1221 virorum,
634 1167 714 1206 nunc
735 1149 838 1226 gravis
861 1150 1027 1207 certamina

360 1236 409 1296 Ob
433 1243 554 1312 sceptra
575 1234 662 1311 regni
683 1233 803 1293 fortiter
823 1234 1013 1306 certantium,

355 1319 447 1380 Nunc
468 1320 600 1379 exaratis
620 1319 651 1375 in
676 1319 768 1377 boum
786 1319 964 1378 novalibus:

356 1406 439 1464 Dum
461 1405 571 1463 crudus
591 1405 684 1461 heros
707 1403 809 1478 sopiat
830 1403 944 1462 bellum
968 1422 1060 1481 greve

281 1488 407 1549 ltloAb
428 1493 530 1549 Aeaco
552 1497 641 1563 atque
663 1488 807 1546 Dardano
828 1488 942 1547 ducens
965 1507 1072 1565 genus,

358 1574 545 1651 Thesprotus
566 1582 724 1648 utrumque
747 1581 778 1630 et
800 1572 1007 1633 Chaladraeus
1029 1574 1097 1631 leo:

358 1661 489 1720 Omnem
512 1668 542 1717 et
567 1658 711 1733 supinans
735 1657 838 1716 fratris
859 1677 997 1717 eversam
1016 1659 1154 1731 domum,

356 1744 586 1804 Formidolosos
604 1751 693 1820 coget
714 1742 846 1820 Argivos
866 1744 958 1802 dcccc

356 1829 439 1889 Ditis
463 1828 633 1888 Chaladrae
657 1846 781 1887 saevum
802 1828 921 1885 adulari
938 1828 1053 1904 lupum,

281 1915 348 1970 1445
356 1915 396 1973 Iit
418 1923 539 1991 sceptra
558 1914 650 1991 prisci
669 1913 857 1990 principatus
880 1913 1009 1971 tradere.

357 1998 415 2059 (lui
438 2007 526 2058 sexta
544 1999 603 2057 iam
624 2006 694 2075 post
716 1999 819 2056 saecla
839 2006 986 2076 cognatus
1006 2014 1091 2056 meus
1125 2014 1128 2021 ·

356 2086 466 2145 Manus
485 2084 604 2143 feroces
624 2102 787 2142 conserens
811 2083 1014 2157 quinquertio,

279 2237 281 2243 Ι
356 2169 530 2243 Terraeque
551 2186 707 2244 aquaeque
729 2186 790 2226 non
809 2186 955 2228 recusans
979 2167 1129 2245 sagmina,

355 2254 439 2312 Inter
459 2253 583 2313 sodales
607 2263 669 2313 tum
693 2253 774 2311 cluet
794 2254 984 2326 veterrimus,

279 2337 464 2398 1450Partas
486 2338 586 2397 duello
610 2337 733 2415 primite
757 2339 884 2397 exuvias
903 2340 1016 2397 ferens.

357 2421 436 2497 Quid
454 2424 566 2482 misera
586 2423 709 2501 longum
730 2433 849 2500 tempus
871 2424 903 2482 in
926 2424 1034 2483 surdas
1055 2431 1176 2501 petrae,

358 2508 472 2570 Surdae
494 2509 655 2586 procellas,
677 2509 779 2568 irritas
800 2517 904 2568 cautes
925 2509 1046 2584 loquor,

315 2615 317 2620 ·
357 2592 460 2654 Sonos
482 2595 589 2652 inanes
610 2594 672 2653 oris
694 2595 849 2652 incassum
869 2594 975 2652 aiensi

356 2678 504 2738 Nostram
527 2679 686 2756 obrogavit
706 2678 830 2756 Nuptus
854 2680 1016 2753 antiquans
1038 2677 1142 2750 iidem,

280 2768 347 2822 1⁴55
355 2764 489 2823 Rumore
512 2783 591 2822 vano
612 2764 813 2822 veriverbium
833 2764 968 2836 illinens,
999 2770 1003 2779 '

355 2851 548 2924 Montemque
571 2857 671 2906 certae
692 2849 833 2908 dictionis
855 2867 1011 2926 augurem,

354 2933 472 2994 Passus
491 2933 644 3010 repulsam
661 2951 790 3009 quorum
813 2935 934 2992 amabat
956 2933 1089 3008 assequi.

356 3019 468 3077 Veram
488 3038 557 3077 esse
580 3019 682 3090 faciet,
705 3027 736 3076 et
756 3018 837 3077 malo
861 3019 986 3078 edoctus
1009 3038 1063 3078 suo

357 3101 445 3176 Quis,
467 3103 550 3178 quod
569 3103 691 3161 iuvandi
714 3104 844 3180 patriam
867 3104 951 3162 nulla
973 3116 1021 3163 est
1039 3103 1101 3175 via,

278 3190 348 3245 1460
357 3185 549 3246 Carmentem
571 3189 690 3246 abunde
711 3188 903 3246 hirundinem
921 3189 1098 3247 laudaverit.

355 3271 486 3330 Tantum
508 3273 607 3330 locuta
629 3281 685 3346 est,
710 3279 740 3330 et
761 3273 920 3349 reciproco
942 3274 1020 3351 pede

354 3355 452 3414 Recta
473 3359 597 3434 petebat
619 3376 732 3430 carcer,
757 3366 847 3434 atquc
870 3358 900 3416 in
921 3367 1046 3435 pectore

355 3439 472 3500 Sirenis
495 3443 648 3519 expiravit
669 3443 794 3502 ultimos
817 3443 928 3502 modos

355 3523 437 3584 clari
462 3528 617 3601 sacerdos,
640 3536 730 3604 atque
751 3527 856 3588 Nesus
879 3529 962 3587 tiliae

278 3615 346 3670 1465
354 3612 460 3687 Augur
481 3612 617 3685 satelles,
640 3614 729 3688 quale
750 3613 888 3672 Picatum
909 3614 1024 3691 loquax

354 3697 532 3768 Monstrum,
556 3697 690 3756 involuta
710 3700 804 3757 verba
821 3699 894 3757 lime
912 3699 1055 3758 tinniens.

353 3780 419 3858 Ego
438 3781 624 3857 implicatum
648 3784 840 3844 nuntiaturus
862 3785 917 3842 tibi

354 3864 434 3923 Veni
454 3866 602 3924 furentem
622 3868 748 3945 virginis
771 3869 886 3928 Fatuae
906 3888 1023 3943 sonum,
