3000 4725
623 634 775 727 '225—

530 795 651 879 Μηκέτι
670 820 714 865 τις
732 796 865 879 acritate.
1060 798 1156 877 ((49)

255 884 371 944 Frustra
392 885 501 961 aliquia
524 895 635 962 paveat
656 888 722 944 iera
741 885 803 943 tela
824 883 993 961 Cupidinis.
1015 884 1072 943 Ille

292 969 399 1029 Totum
420 971 451 1029 in
473 990 523 1029 me
544 971 703 1047 pharetrae
723 970 786 1027 iam
807 970 946 1028 vacuavit
969 988 1057 1029 onus.

254 1052 369 1115 Frustra
390 1056 478 1114 etiam
500 1055 635 1115 aeeultua
655 1056 781 1117 alarum.
806 1052 888 1112 Nam
903 1054 977 1111 mihi
992 1062 1156 1131 postquam

289 1140 451 1216 Impositua
470 1141 600 1218 pedibus
620 1149 745 1217 pectora
766 1140 880 1217 preseit
901 1141 1007 1212 Amor,

252 1222 363 1285 limma
383 1225 563 1299 inhaerebit,
587 1226 780 1300 stabiliaque:
801 1242 899 1299 neque
920 1223 990 1281 inde
1011 1224 1155 1297 facesset,

289 1307 413 1383 Quando
436 1311 468 1369 in
490 1330 539 1370 me
562 1330 679 1385 pennae
701 1309 832 1369 abscidit
852 1309 905 1366 ille
925 1326 1009 1367 auae.

509 1469 589 1537 Οὔτε
612 1473 704 1557 ῥόδον
729 1475 898 1557 στεφάνων.
1059 1476 1156 1553 ζ(50)

251 1559 289 1619 Ut
304 1582 376 1621 rcea
397 1583 461 1622 non
482 1562 584 1621 minor
602 1570 650 1621 eet
668 1571 768 1622 serto:
792 1563 837 1621 sic
858 1562 995 1621 vestibus
1016 1560 1092 1637 ipeie

288 1645 355 1706 Non
378 1666 424 1720 ea,
447 1647 606 1725 gemmatis
628 1649 803 1707 reticulieve
825 1647 933 1705 minor.

251 1728 437 1808 (lautiorique
460 1740 513 1791 tuo
532 1734 657 1791 baccata
675 1732 803 1792 monilia
823 1731 943 1803 cedunt,

286 1817 485 1895 Impexiaqne
506 1817 574 1875 auri
597 1818 678 1876 flava
696 1817 792 1877 nitela
815 1816 919 1876 comis.

249 1900 317 1960 Inde
339 1902 462 1979 quidem
484 1902 593 1961 rutilos
615 1903 796 1978 hyacinthus
819 1900 951 1978 fulgurat
971 1900 1071 1977 ignes,

286 1988 466 2047 Luminibne
489 1987 577 2045 cedat
597 1987 652 2048 aed
670 1996 772 2045 tamen
792 1986 862 2062 ipsa
881 1985 953 2043 tuis.

248 2071 442 2133 Rancidulum
466 2071 558 2131 decue
582 2073 656 2146 orie,
680 2080 710 2131 et
735 2072 895 2129 emendata
916 2069 1057 2143 loquelae

287 2156 391 2218 Suada
410 2166 490 2229 tuae,
513 2157 643 2216 Veneria
662 2157 733 2232 quid
754 2156 815 2215 nisi
833 2163 933 2215 centua
956 2155 983 2213 ie
1005 2153 1071 2213 eet?

249 2240 360 2301 Cuncta
384 2244 460 2300 haec
479 2260 529 2299 me
549 2241 671 2300 furiant.
698 2243 754 2301 eed
774 2260 823 2299 me
844 2239 982 2301 solantur
1007 2236 1114 2299 ocelli:

285 2328 412 2404 inquis
436 2345 508 2404 epea
531 2326 620 2387 aedes
641 2328 711 2387 fixit
731 2327 828 2386 amica
851 2344 932 2386 suas.

495 2491 557 2576 Τὴν
583 2494 650 2573 πρὶν
672 2493 918 2576 ὲνεσφρήγισσεν.
1061 2492 1157 2569 ζ(51)

248 2582 302 2641 Illa
320 2583 368 2642 tui
389 2582 489 2641 vultus
510 2581 662 2656 quondam
684 2581 856 2657 praesentis
878 2580 978 2657 imago

287 2667 385 2742 Quam
407 2668 492 2744 prins
510 2668 542 2724 in
561 2674 668 2725 nostro
690 2675 813 2741 pectore
838 2664 965 2740 sculpsit
984 2664 1097 2734 Amor,¹

247 2751 398 2830 Expuitur
418 2752 486 2810 tibi:
508 2770 557 2809 me
577 2752 733 2810 miseram:
757 2768 861 2806 verum
880 2766 941 2806 una
963 2746 1083 2806 decoris

287 2838 389 2899 Corde
410 2856 480 2896 meo
503 2837 621 2913 species
642 2843 702 2894 etat
723 2834 798 2892 mibi
816 2833 928 2907 scripta
951 2831 1003 2888 tui.

248 2920 371 2982 Scilicet
392 2923 470 2980 hane
493 2922 584 2994 Orco,
606 2921 685 2978 banc
705 2918 875 2990 ostendam,
899 2917 1038 2987 barbare,
1062 2912 1137 2986 Soli,

287 3007 433 3068 Criminis
450 3014 485 3065 ut
504 3007 617 3066 vindex
643 3003 757 3064 Cressa
781 3003 821 3062 eit
843 3021 920 3061 urna
941 3000 993 3058 tui.

529 3169 664 3253 Δηθύνει
684 3166 887 3250 Κλεοφάνης.
983 3195 985 3202 ⁴
1061 3165 1156 3247 ((52)

248 3258 288 3320 Ut
305 3267 409 3320 cessat
430 3258 647 3334 Cleophantiei
666 3258 763 3315 adhuc
784 3257 845 3314 iam
867 3255 957 3314 tertia
980 3253 1082 3330 coepit

288 3344 419 3404 Lumine
434 3344 610 3422 languidulo
629 3361 721 3420 parca
741 3343 865 3398 lucerna
884 3338 971 3398 mori.

248 3429 295 3487 Ah
315 3436 422 3506 pereat
441 3429 542 3488 cordis
565 3429 610 3487 aic
631 3430 762 3498 flamma,
784 3433 817 3484 nt
839 3427 958 3482 flamma
977 3423 1135 3482 lucernae:

288 3513 358 3574 Nec
379 3533 428 3572 me
447 3514 588 3592 pervigili
606 3519 721 3575 torreat
739 3511 793 3568 illa
813 3511 889 3568 face.

248 3599 296 3657 Ab
318 3599 438 3674 quoties
462 3600 612 3659 Venerem
632 3599 784 3656 iuraverat
806 3595 912 3667 affore,
935 3593 1031 3669 primo

290 3683 447 3763 Vespere?
466 3684 510 3744 nil
530 3683 680 3755 homines,
704 3681 747 3739 nil
768 3681 841 3739 facit
860 3679 915 3738 illa
933 3678 1025 3738 Dece.

894 3859 956 3920 18*
1062 3937 1065 3944 1
