3000 4725
747 594 812 655 260

322 760 394 842 β34
601 756 645 821 Ἥ
665 764 763 841 γραῦς
783 762 804 839 ἡ
828 756 968 843 Βάκχου.

317 848 478 907 Pernicies
497 846 628 905 celim
644 847 769 919 Bada,
791 848 863 905 dum
885 848 967 905 forte
988 847 1106 909 iaceret

361 936 476 1009 Aegra,
491 932 561 990 Iovi
578 932 659 991 tales
679 934 813 1009 concipit
830 952 885 991 ore
905 952 1032 1009 precest

320 1016 356 1079 si
377 1018 478 1075 morbi
498 1017 575 1074 dun
595 1018 672 1075 haec
691 1018 836 1075 incendia
852 1018 974 1095 fugae,
996 1028 1117 1077 centum

363 1100 455 1163 Soles
478 1102 518 1159 de
537 1122 615 1179 puro
632 1122 696 1160 non
713 1103 777 1160 nisi
796 1102 884 1159 fonte
904 1104 1008 1160 bibam

318 1187 442 1259 Sobria,
461 1195 635 1262 temetoque
656 1205 776 1245 arene.
801 1196 877 1264 post
895 1187 1002 1245 iuncte
1020 1187 1137 1265 periclo

361 1272 447 1330 Luce
466 1272 523 1329 illa
541 1272 596 1329 nti
616 1272 731 1349 cogitat
749 1279 817 1329 erte
837 1271 957 1331 dolum:

319 1355 408 1431 Quod
429 1366 533 1415 vemt
549 1358 703 1427 menibus,
733 1376 791 1432 per
811 1358 918 1414 crebre
933 1356 1087 1415 foramina
1106 1358 1240 1415 cribrum

360 1442 501 1519 Inspicit,
522 1450 554 1500 et
570 1442 656 1500 eolee
676 1441 790 1498 callide
807 1441 892 1499 mille
911 1442 1002 1499 videt.

321 1607 394 1691 347
541 1604 677 1668 Ἦθελον
700 1606 738 1667 οὐ
761 1604 878 1689 χρυσόν
896 1626 931 1666 τε
950 1606 1013 1668 καὶ.

320 1694 462 1771 Opterim
482 1694 558 1751 mihi
578 1714 642 1753 non
661 1712 779 1766 aurum,
799 1712 857 1750 non
879 1694 995 1769 oppidu
1012 1702 1122 1767 terrae,

361 1778 433 1838 Non
451 1798 529 1854 ques
548 1778 725 1837 Thebarum
747 1781 841 1835 iactet
863 1778 1015 1837 Homerus
1035 1798 1129 1856 opes:

317 1864 433 1924 Verum
450 1872 486 1922 ut
505 1863 599 1941 plene
615 1883 700 1922 mero
722 1870 867 1940 spument
885 1864 960 1921 mihi
977 1865 1091 1939 pocula
1100 1864 1241 1937 Baccho,

362 1948 547 2023 Summaque
564 1958 731 2025 perpetuus
748 1948 875 2026 proluet
889 1968 947 2009 ‚ore
969 1948 1071 2009 latex:

319 2034 449 2111 Semper
470 2035 636 2091 amicorum
654 2035 767 2091 circum
788 2041 917 2109 potente
942 2052 1065 2107 corone,

360 2118 402 2177 Et
421 2119 515 2176 vitem
536 2118 689 2195 agricolae
709 2119 790 2175 falce
810 2132 967 2193 premente
989 2120 1098 2177 colant

319 2202 418 2274 Haec,
440 2220 518 2277 quac
539 2211 653 2275 sector,
675 2222 769 2279 opum
791 2212 863 2261 sunt
884 2212 1072 2279 argumente.
1093 2202 1195 2261 valete

360 2288 489 2359 Fasces,
510 2306 577 2344 cum
599 2298 688 2346 teneo
708 2288 820 2366 pocula
840 2287 935 2365 plene
954 2306 1056 2347 manu.

319 2458 368 2533 γ1
584 2452 779 2538 Σωφροσύνῃ
802 2452 981 2538 προφέρων.

318 2541 442 2600 Iustitia
462 2549 533 2599 ente
555 2560 661 2600 omnes
682 2542 890 2619 praestantior
909 2550 1000 2618 atque
1020 2543 1132 2618 pudore

362 2624 442 2685 Dine
462 2627 633 2686 An'etoclee
658 2629 716 2686 hac
732 2628 897 2702 requiescit
918 2629 1020 2685 humo.

320 2710 356 2774 Si
377 2713 426 2770 cui
448 2731 541 2788 cupra
562 2713 641 2771 alios
664 2731 805 2790 magnum
828 2713 979 2788 sapientia
996 2731 1108 2770 nomen

361 2798 462 2856 Fecit:
484 2798 583 2857 meins
604 2799 706 2871 hebet,
726 2816 784 2854 nec
805 2816 906 2856 comes
926 2796 1041 2855 invidie
1062 2805 1117 2855 est.

319 2965 366 3044 γ9
578 2961 698 3046 ”Apate
719 2961 796 3045 μηδ’
819 2960 971 3042 ἐγένοντο.

320 3051 349 3112 0
371 3050 399 3108 ei
421 3069 479 3108 nec
499 3051 599 3123 tedae,
621 3069 678 3108 nec
699 3050 771 3108 lecti
790 3051 858 3108 iura
878 3051 1020 3122 inissent,

360 3133 457 3193 Nulla
472 3135 627 3212 puerperii
645 3135 708 3193 tela
727 3136 887 3193 tremende
908 3136 1020 3193 forent.

318 3217 410 3277 Nunc
430 3221 526 3292 sedet,
550 3228 580 3277 et
600 3219 702 3279 lentos
724 3229 868 3297 expectat
889 3220 1021 3277 foemina
1041 3225 1158 3294 partus,

361 3306 420 3362 Ast
439 3303 512 3361 duro
532 3305 705 3362 exanimum
727 3314 833 3363 ventre
851 3314 984 3362 moratur
1007 3323 1095 3362 onus.

318 3387 385 3446 Iem
406 3396 469 3447 tres
492 3389 701 3466 circumagens
727 3393 818 3449 orbes
837 3391 891 3447 lux
907 3389 1051 3466 explicet,
1073 3409 1111 3446 ex
1133 3403 1189 3462 quo

361 3472 535 3532 Frustretur
553 3493 683 3534 nascens
704 3474 791 3533 irrita
813 3483 885 3534 vota
907 3493 992 3550 puer.

319 3556 368 3620 Sit
387 3557 454 3629 tibi,
476 3559 566 3615 chare
588 3560 701 3635 puelle,
723 3561 801 3619 levis
823 3579 885 3618 non
905 3567 996 3630 terra,
1019 3557 1076 3616 sed
1095 3557 1189 3614 alvus.

362 3643 408 3702 Te
433 3643 544 3737 premit
564 3643 649 3718 haec,
670 3653 751 3703 terra
774 3653 899 3704 estnec
923 3642 1083 3703 subeunde
1103 3641 1167 3699 tibi.
