3000 4725
605 620 717 691 ,363

239 787 340 848 Genus
360 794 515 859 necantes,
532 788 601 866 lege
621 790 764 848 sanciens
783 798 858 847 rata.

239 873 264 933 Ο
287 882 390 945 mater,
414 892 432 930 o
452 872 573 931 misella
593 882 698 947 mater,
721 892 778 934 nec
799 882 852 931 tua

237 958 315 1017 Laus
336 957 486 1015 interibit:
514 958 586 1033 quin
607 959 836 1035 viragoPersei

238 1043 393 1103 Triformis
418 1041 500 1101 Orea
523 1050 552 1100 te
572 1061 676 1101 canem
697 1044 894 1119 pernoctibus

238 1126 365 1190 Sacram
385 1126 523 1186 efferabit
544 1127 576 1185 in
598 1128 681 1187 viros
706 1128 880 1199 nictatibus,

237 1214 352 1287 Quique
370 1212 550 1289 imperantis
574 1210 730 1289 Strymoni
755 1211 918 1271 Caniculae

236 1298 370 1356 Delubra
391 1296 547 1372 flam[m]is
571 1317 633 1355 nou
656 1297 759 1355 colent
779 1297 967 1371 ardentibus,

235 1384 399 1441 Pheraeum
424 1381 527 1458 opima
549 1382 641 1439 caede
663 1383 819 1457 placantes
840 1382 936 1441 deam.

237 1468 298 1529 Sed
317 1466 398 1526 busti
418 1466 519 1525 inanis
541 1466 675 1525 insulare
696 1468 843 1542 cespitem
891 1491 895 1500 ·

234 1551 371 1629 Pachyni
392 1552 516 1610 habebit
535 1551 663 1625 culmen,
684 1571 722 1609 ex
743 1553 902 1611 insomniis

235 1638 311 1697 Heri
332 1636 465 1694 timentis
490 1635 652 1694 excitatum
676 1636 811 1708 dextera,

235 1722 283 1783 Ad
302 1741 409 1799 purum
433 1720 542 1779 Helori
561 1722 718 1779 feneratae
741 1722 906 1798 marginem

237 1809 298 1885 Qui
318 1808 438 1865 functae
458 1806 489 1863 in
510 1806 573 1865 oris
592 1806 702 1863 inferet
717 1805 864 1863 libamina

236 1893 357 1952 Triviae
378 1891 511 1949 furorem
534 1891 650 1949 scilicet
670 1890 780 1949 timens
806 1891 892 1963 deae,

236 1977 320 2052 Quod
345 1976 460 2054 primus
485 1976 599 2033 audens
622 1976 706 2033 saxei
728 1976 824 2033 iactus
847 1976 945 2048 nefas,

236 2064 317 2123 Orco
338 2057 470 2138 praeibit
491 2060 551 2119 dux
574 2060 729 2117 inhumani
752 2061 841 2117 sacri.

235 2146 270 2208 0'
287 2147 391 2217 frater,
411 2146 529 2203 animae
548 2144 708 2221 plurimum
733 2145 827 2202 frater
848 2164 934 2204 meae

233 2232 364 2303 Dilecta,
388 2230 535 2288 fulmenta
561 2230 681 2288 aedium
705 2238 796 2305 atque
817 2231 945 2306 patriae,

233 2317 307 2377 Non
328 2317 441 2376 frustra
460 2315 555 2374 tauris
577 2316 695 2374 imbues
719 2314 826 2373 altaria

235 2403 355 2474 (laesis,
380 2409 531 2459 tenentem
554 2401 703 2477 Ophionis
730 2401 838 2459 sedilia

233 2490 393 2547 Venerans
415 2486 516 2562 opimo
538 2486 725 2544 victimarum
750 2505 884 2543 munere.

235 2572 297 2634 Sed
319 2591 390 2629 rura
410 2579 440 2628 te
464 2571 594 2628 vectabit
616 2573 648 2628 in
669 2570 793 2642 natalia,

235 2657 362 2718 Graecis
385 2655 536 2734 vigentem
556 2675 626 2712 rura
647 2655 759 2730 adepta
780 2654 917 2730 gloriam,

232 2743 295 2803 Ubi
318 2741 503 2819 palaestram
527 2739 617 2796 docta
639 2746 734 2795 mater
755 2739 846 2795 Latia

235 2828 319 2888 Olim
342 2827 539 2902 imperantem
560 2823 690 2882 Tartaro
713 2822 838 2879 trudens
861 2841 963 2893 anum,

231 2912 360 2972 Furtiva
381 2910 474 2970 solvit
496 2909 597 2967 vincla
620 2907 825 2984 partitudinis,

234 2997 365 3058 Gumiae
385 2995 485 3053 mariti
506 2993 748 3073 pullimanducas
772 3010 883 3050 cavens

231 3082 349 3160 Epulas
370 3079 529 3152 nefandas,
553 3098 609 3136 nec
630 3077 778 3154 saginavit
799 3076 879 3152 dape

232 3168 357 3238 Alvum,
378 3165 476 3222 faceta
498 3164 630 3241 glutiens
653 3181 761 3221 saxum
782 3161 847 3219 vice

233 3250 470 3319 Suffarcinatum
492 3248 636 3307 mollibus
658 3246 828 3318 cunabulis,

230 3337 335 3396 Prolis
356 3334 527 3412 sepulcrum
549 3335 635 3394 triste
658 3332 819 3391 semiferus
842 3347 926 3388 suae.

231 3422 317 3496 Quin
337 3420 449 3498 templa
470 3419 596 3491 habebis
617 3418 793 3491 insulasque
813 3413 947 3473 Manium

230 3509 409 3566 Verruncus
433 3523 524 3562 aurae
544 3503 716 3580 pestilentis
736 3500 872 3578 Iudigcs,

229 3584 296 3652 Ubi
318 3598 440 3652 secutus
462 3590 562 3666 Ogygi
582 3587 694 3664 poplos
720 3594 804 3645 satus

230 3677 350 3738 Oracla
370 3674 481 3733 Medici
503 3672 610 3750 Lepsii
632 3669 830 3740 Termiuthei,

227 3763 281 3821 Ex
303 3758 480 3838 Ophryncis
501 3767 532 3820 ‚te
556 3756 735 3833 sepulcretis
757 3771 863 3830 egeus,

227 3851 346 3907 Arcem
371 3843 411 3902 ad
433 3841 562 3920 Calydni
582 3842 671 3899 ducet
694 3849 724 3898 et
746 3847 856 3896 terram
879 3839 1011 3909 Aonum,
1119 3876 1121 3881 -
