3000 4725
588 596 737 689 „aa

223 760 405 837 lleusamque
428 761 561 837 calcans,
592 763 639 823 ius
664 765 813 842 supinans
839 775 869 825 et
888 768 1013 841 bouum,

222 843 303 903 Fetae
322 848 443 919 modum
465 856 587 907 secutus
609 867 699 907 ursae
720 850 895 908 incicorem.

222 931 289 1008 llrgo
310 941 467 1009 stupentes
489 932 602 993 frustra
621 934 751 993 tundens
775 936 907 1007 nervias,

221 1015 338 1093 Egeutia
360 1024 390 1075 et
410 1018 511 1075 ieiuna
529 1018 661 1078 fundens
683 1019 832 1078 carmina:

222 1098 273 1160 Sed
290 1102 364 1160 flens
388 1100 487 1161 adibis
510 1104 639 1178 patriam
656 1104 813 1163 incensam
836 1104 932 1181 prius,

220 1184 354 1265 Exangue
377 1194 528 1262 spectrum
550 1187 689 1247 baiulans
710 1189 790 1248 ulnis
813 1189 873 1248 tuis

220 1269 275 1328 Iam
294 1272 423 1346 quinque
446 1279 557 1347 nuptae
578 1272 723 1349 Thyades
752 1274 946 1332 Pleuroniae.

220 1353 301 1414 Satae
324 1364 444 1415 cataces
466 1376 595 1432 namque
619 1356 801 1417 Carmentae
822 1360 899 1417 mari

221 1438 275 1498 lam
297 1442 436 1519 patruclis
459 1460 569 1499 nevere
591 1442 690 1515 trinis,
714 1445 859 1521 coniuges

221 1524 432 1586 Thalassiones
454 1527 585 1603 quinque
608 1527 762 1586 celebrare
781 1530 880 1589 illius:

221 1607 296 1670 Duos
320 1612 441 1687 quidem
464 1611 567 1669 videre
589 1613 760 1687 praedones
781 1614 872 1690 lupos

221 1692 285 1753 (late
305 1697 459 1755 intuentes
482 1705 643 1772 praepetes
663 1698 874 1757 immussulos:

220 1777 299 1857 Plyni
322 1790 352 1839 et
371 1782 534 1857 Libyssae,
560 1779 719 1857 Oaricique
739 1783 866 1861 gurgitis
955 1819 958 1827 ι

220 1863 241 1920 Ε
264 1866 353 1942 stirpe
376 1874 490 1925 cretum
513 1866 674 1926 semiereta
695 1868 867 1939 barbarum,

219 1948 252 2006 Et
270 1970 337 2009 vere
358 1952 489 2031 Epeum,
511 1970 567 2009 nec
587 1952 708 2026 quidem
728 1954 875 2030 Argivum
894 1960 973 2024 satu,

220 2031 361 2112 Gaiusque
382 2056 470 2094 avum
491 2035 642 2111 quondam
662 2036 692 2094 in
713 2038 881 2096 molaribus
900 2039 965 2097 suis

220 2116 375 2197 Hercynna
395 2120 509 2193 Educa,
533 2140 609 2195 quae
631 2122 709 2199 gerit
727 2123 920 2199 secespitam,

220 2201 323 2263 Fartim
340 2206 470 2265 minutal
491 2206 679 2279 frendicans,
706 2208 819 2265 tumulo
839 2208 958 2279 indidit,

220 2285 336 2350 Homeri
360 2310 459 2349 vorax
478 2290 599 2367 epulata
621 2292 845 2371 cartilaginem:

221 2371 306 2445 Quem
328 2376 440 2436 dudum
464 2375 597 2434 adultum
619 2378 759 2452 virbium,
786 2387 816 2437 et
838 2379 995 2457 cupidines

221 2456 326 2522 Graves
351 2469 508 2520 caventem
526 2462 648 2519 navium
668 2465 767 2537 promi
788 2464 836 2522 dci

221 2543 295 2605 Misit
318 2547 470 2605 Tarentus
490 2547 520 2603 in
544 2547 689 2606 Latrinae
709 2549 814 2625 iugera

221 2628 304 2690 Ocrin
326 2640 466 2710 paratum
487 2633 650 2707 praeterire
669 2632 814 2709 Molpidis

220 2712 351 2776 Lustrale
375 2717 457 2776 caesi
479 2735 588 2792 corpus
608 2717 732 2777 imbrico
753 2718 830 2776 Iovi.

221 2796 314 2859 Soceri
333 2805 366 2860 in
387 2802 502 2860 ruinam
525 2801 576 2876 qui
598 2801 759 2859 trucidavit
781 2820 891 2877 procos

220 2881 303 2946 Iustis
325 2887 477 2958 nefandis,
497 2905 575 2962 quae
598 2885 719 2946 Camilli
739 2887 820 2945 fflius

219 2964 353 3030 Paravit:
372 2973 423 3030 ille
443 2971 553 3052 poculo
577 2973 725 3031 exhausto
746 2971 865 3043 ultimo,

221 3049 397 3133 cognomini
419 3057 556 3134 sepultus
580 3064 627 3116 est
649 3056 781 3130 Salacia,

222 3134 343 3200 Suasam
366 3143 429 3202 suis
452 3141 553 3199 labem
573 3142 711 3219 insipans
732 3142 896 3212 natalibus,
942 3180 945 3185 ,

221 3219 309 3284 Surae
328 3227 451 3304 petillae
473 3226 600 3303 Psyllan
623 3229 766 3306 aurigans
789 3246 908 3302 equum,

219 3304 334 3370 Picatae
358 3320 388 3370 et
406 3311 596 3388 Harpinnam
618 3333 722 3390 parem
743 3313 856 3389 ungula
878 3310 981 3387 Strigi.
1070 3372 1076 3388 Ι

220 3390 350 3454 Tandem
370 3397 423 3455 illa
443 3404 579 3474 quartum
599 3398 721 3456 fratrem
741 3398 839 3455 adhuc
858 3395 989 3454 tuebitur

219 3475 353 3540 Lircanei
373 3483 556 3558 acceptoris:
574 3482 627 3540 ille
650 3503 666 3541 e
687 3483 829 3541 fratribus
946 3480 1122 3557 [Oirccnet'l]

220 3558 338 3642 Pugnae
357 3568 521 3627 seeundum
544 3568 707 3626 acerrimae
732 3567 912 3645 palmarium
1124 3573 1173 3626 170

221 3644 337 3713 l'ulisse
356 3660 427 3710 tunc
451 3659 582 3711 canetur.
605 3660 695 3727 atque
718 3653 750 3711 in
771 3651 913 3729 stragulis

221 3730 357 3805 Quintum
378 3737 479 3797 anxiis
500 3739 532 3797 in
554 3737 681 3797 somniis
706 3737 871 3796 exercitum

220 3814 341 3882 lactabit
364 3831 429 3881 atro
453 3824 594 3902 imaginis
616 3823 758 3896 ludibrio,
