3000 4725
626 611 780 708 -130—

251 773 317 845 Τοῖς
335 774 486 847 Ἀττικοῖς
508 779 704 847 κονισσάλοις,
722 781 880 860 νεωκορεῖ.

250 857 317 931 Τοῖς
336 860 502 948 εὐτυχοῦσι
524 863 575 926 καὶ
596 864 727 948 τρίμηνα
748 862 867 927 παιδία.

250 941 305 1010 Τδν
327 945 420 1012 αὐτὸν
443 949 537 1011 αἰνεῖν
558 949 608 1011 καὶ
630 947 745 1032 ψέγειν,
769 947 881 1030 ἀνδρὸς
901 950 1009 1012 κακοῦ.

249 1026 304 1096 Τδν
328 1030 361 1094 δ’
386 1031 549 1117 ἐγγράφειν
571 1033 614 1100 εἰς
638 1031 711 1102 τοδς
730 1029 893 1114 Ἰαλέμους
911 1029 984 1096 ἔδει.

249 1109 304 1181 Τθν
322 1117 343 1179 ,δ
366 1119 450 1180 ῦιντα
471 1122 533 1180 ποῦ
557 1117 585 1180 τὶ
604 1116 655 1180 καὶ
673 1118 784 1180 παθεῖν
806 1116 973 1200 ὀφείλεται

249 1195 303 1265 Τόν
325 1138 463 1285 ἕθδομον
485 1202 609 1287 pom
632 1202 714 1286 σοφὴ
740 1201 900 1285 παροιμία.

249 1280 303 1349 Τδν
326 1286 459 1369 πλησίον
481 1308 529 1348 τοι
551 1285 706 1350 νουθετεῖν
729 1285 847 1392 βραγδς
867 1284 970 1354 πόνος.

248 1363 302 1433 Τδν
323 1367 409 1433 πόδα
428 1370 559 1446 διώκεις,
583 1369 650 1454 άρτι
671 1372 724 1454 τὴν
749 1371 866 1453 ῦπεραν
888 1368 986 1454 ἀφείς.

248 1448 308 1516 Τοῦ
327 1451 487 1538 Πρωτέως
509 1454 631 1538 πέφυκε
651 1457 906 1602 ποικιλώτερος·
964 1501 968 1508 ι

247 1532 307 1602 Τοῦ
329 1537 509 1624 φιλοσόφου
531 1535 676 1624 Ζήνωνος
696 1539 808 1623 ἐγκρατ
828 1560 943 1622 στερος.

247 1615 323 1691 Τοδς
344 1622 418 1686 εὐτυ
443 1627 553 1692 οῦντες
577 1625 629 1687 καὶ
651 1629 776 1708 φρονεῖν
796 1624 971 1706 νομίζομεν.

247 1699 338 1770 Τοῦτί
356 1704 391 1770 δ’
415 1645 475 1783 θεά
499 1705 563 1770 ἐστ’
588 1707 656 1772 οὐδ’
680 1707 716 1772 ἂν
740 1710 757 1772 ό
780 1707 935 1772 Απόλλων
955 1707 1053 1790 μάθη.

247 1783 332 1874 Τρεῖς
356 1791 434 1854 εἰσὶν
451 1791 558 1855 ,ἱκανοὶ
578 1793 718 1940 πρωκτὸν
743 1793 872 1876 ἐκμάξαι
895 1791 989 1868 λιθοι,

286 1873 321 1938 ἂν
344 1876 405 1940 ὦσι
427 1881 566 1962 τραχεῖς·
610 1877 681 1940 νδδ
703 1879 791 1955 λεῖοι,
815 1875 973 1960 τέσσαρες.

222 2040 225 2053 ⁸
248 1952 299 2044 Τιγῖ
317 1957 346 2023 δ’
373 1957 414 2023 αὖ
437 1966 579 2024 πονοῦντι
600 1962 652 2026 καὶ
674 1961 748 2030 θεὸς
769 1962 987 2108 ξυλλφμράνιι.

249 2037 297 2128 Τιρῖ
316 2046 525 2130 πρωτοπείριρ
547 2048 706 2116 παντελῶς
728 2068 847 2129 συγγνω
902 2067 947 2109 ον.

248 2120 312 2190 Τῶν
335 2128 551 2213 εὐτυχούντων
573 2131 683 2199 πάντες
701 2131 760 2194 εἰσὶ
782 2134 946 2212 συγγενεῖς.

245 2206 439 2296 Ὑδρωπικοῦ
461 2211 625 2298 Εηρότερόν
651 2214 728 2278 ἐστιν
755 2213 875 2278 οθδεέν.

244 2290 358 2379 Ὑγίεια
379 2298 433 2362 καὶ
456 2302 528 2368 νοῦς
548 2297 647 2363 ἐσθλὰ
664 2305 708 2387 τῷ
734 2300 792 2387 βίιμ
815 2299 881 2365 δύο.

242 2372 344 2469 Ὕδωρ
367 2384 405 2447 δὲ
423 2385 518 2447 πίνων
541 2384 674 2469 χρηστδν
698 2384 788 2448 οὐδὲν
812 2384 849 2448 ἂν
867 2382 975 2451 τόκοις.

245 2460 335 2552 Ὑπὲρ
357 2472 477 2537 καπνοῦ
499 2469 651 2552 πηδάλιον
676 2468 913 2554 ἐκκρεμάμενον.

242 2540 353 2620 Ὕπνος
375 2552 411 2615 δὲ
433 2556 539 2617 πεῖναν
560 2553 626 2634 τὴν
640 2553 833 2639 κακέσχατον
854 2554 950 2636 δαμᾷ.

246 2628 318 2699 Ὑπὸ
341 2640 398 2719 τῆς
414 2637 547 2720 ἀνάγκης
566 2638 665 2701 πάντα
685 2639 852 2702 δουλοῦται
869 2635 960 2720 ταχό.

250 2716 378 2803 Φεῦγειν
405 2722 527 2790 ἁπάσας
548 2720 603 2789 τὰς
623 2723 725 2805 πάγας
747 2722 784 2784 οὐ
806 2720 922 2806 ῥᾴδιον.

251 2800 357 2888 Φθόης
381 2806 552 2891 προφήτης,
575 2807 732 2889 καλάμινα
751 2805 847 2888 σκέλη
868 2809 986 2888 φορῶν.

280 2890 341 2952 ιλτῖ
359 2890 396 2953 δὲ
413 2896 457 2975 τῷ
479 2891 624 2973 κάμνοντι
647 2890 831 2953 συσπεόδειν
851 2888 936 2956 θεός.

251 2968 436 3037 Φιλιππίδου
460 2973 643 3058 λεπτότερον
665 2974 822 3045 ἀποδείξει
841 2975 933 3059 τάχα.

251 3052 347 3121 Φίλου
369 3058 504 3143 τρόπους
524 3059 666 3142 γίνωσκε,
690 3059 823 3143 μισήσῃς
845 3058 880 3120 δὲ
923 3058 954 3141 η.

249 3133 393 3207 Χαλεπὸν
415 3144 551 3227 ζητοῦσά
568 3166 616 3207 τοι
638 3146 851 3229 σκυτοτραγεῖν
873 3163 968 3204 κυων.

250 3219 355 3311 Χάραν
382 3229 488 3314 λαβὼν
511 3226 661 3313 μέμνησο,
681 3230 733 3292 καὶ
751 3227 824 3296 δοδς
840 3224 1001 3290 ἐπιλάθου.
1025 3223 1127 3309 [χάριν
1135 3224 1164 3302 ῖ]

251 3304 324 3396 Χεὶρ
347 3315 440 3398 χεῖρα
461 3313 566 3389 νίπτει,
589 3314 737 3381 δάκτυλος
758 3314 809 3375 τὸν
831 3311 989 3374 δάκτυλον.
1143 3319 1146 3325 ’

251 3387 374 3479 Χειρσῖν
398 3396 452 3481 μὲν
475 3397 519 3480 ἀμ
547 3402 605 3474 οἶν,
627 3398 663 3461 οὐ
685 3402 749 3481 μιᾷ,
774 3396 981 3481 δωρούμενος.
1009 3397 1126 3479 [χεροῖν
1136 3394 1164 3472 ί]

251 3470 327 3546 Χίος
347 3480 507 3564 παραστὰς
555 3486 616 3545 ιῦον
639 3482 696 3545 οθκ
719 3482 758 3566 ἐᾷ
778 3481 889 3564 λέγειν.

251 3552 350 3645 Χρεία
370 3565 519 3641 διδάσκει,
539 3562 593 3651 κᾷν
617 3565 757 3651 ἄμουσος
776 3563 810 3650 ᾖ,
826 3563 941 3651 σοφόν.
997 3566 1000 3572 ’

253 3636 318 3731 Χρὴ
342 3650 371 3712 δ’
394 3650 481 3717 ἐκτὸς
503 3648 576 3713 ὄντα
597 3652 747 3735 πημάτων
769 3650 808 3713 τὰ
829 3649 908 3713 δεῖν’
932 3651 1018 3734 ὁρᾷν.

254 3720 377 3813 Χρυσοῦ
400 3736 569 3802 λαλοῦντος
588 3739 648 3803 πᾶς
670 3734 864 3818 ἀπρακτείτω
890 3733 991 3816 λόγος.

255 3806 357 3904 Χωλιγῖ
373 3822 530 3902 παροικῶν
554 3814 610 3902 κᾷν
634 3819 688 3895 ἑνὶ,
713 3820 832 3890 σκάίειν
856 3818 976 3903 μάθοις.
