3000 4725
641 622 701 682 317

228 788 355 851 Haerens
378 792 530 869 humoque
551 790 630 851 fixus
654 792 737 851 ensis
763 792 869 869 arguit.

525 878 554 935 3.
578 876 708 953 Stropbu
730 877 823 937 VIII.

229 956 275 1017 ct.
317 958 387 1019 Heu
410 961 554 1021 miserum
577 980 690 1021 ossum.

228 1042 304 1101 Tene
325 1045 492 1105 cruentasti

227 1129 390 1188 Amicorum
415 1130 543 1189 oarens?

226 1211 320 1289 Egone
341 1234 379 1275 eo
399 1234 496 1291 nsque
517 1215 629 1292 stipes:
652 1236 706 1295 ego

226 1296 267 1354 Ita
282 1300 440 1379 negligens
460 1300 504 1358 fui
527 1301 637 1361 buius?

226 1379 288 1457 Hie,
314 1384 363 1443 hio

228 1464 375 1543 Persicus,
397 1477 487 1545 atque
509 1470 556 1529 sui

228 1550 303 1611 lauet
324 1554 436 1613 ominis
458 1554 547 1613 Aiax.

228 1634 291 1694 Teo.
331 1638 432 1699 Nefas
452 1639 566 1697 videre.
591 1656 695 1696 verum
721 1654 779 1714 ego
801 1634 890 1692 buius
908 1632 996 1710 pallii
1151 1627 1203 1682 915

228 1718 327 1779 Totum
347 1724 524 1783 obvolutum
545 1742 653 1800 eorpus
675 1722 805 1781 amieetu
827 1720 977 1795 obtegam.

227 1802 358 1883 Namque
377 1809 476 1882 illum,
497 1809 612 1867 amicus
637 1808 664 1867 si
686 1808 753 1883 quis
775 1810 833 1877 est,
858 1811 965 1863 eontra
986 1800 1071 1860 obtui

227 1887 292 1949 Non
317 1902 410 1968 queat
431 1894 549 1952 anhelis
569 1892 757 1951 follicantem
780 1889 916 1961 naribus,

228 1973 262 2032 Et
283 1994 320 2035 ex
342 1990 469 2038 cruento
492 1979 616 2038 vulnere
640 1986 738 2035 atrurn
762 1974 950 2052 sanguinem.

229 2056 290 2129 Heu
312 2063 437 2137 misera3
458 2063 529 2137 quid
547 2064 658 2141 agam?
682 2062 749 2137 quis
773 2070 803 2118 te
825 2059 990 2118 amisorum
1007 2052 1136 2113 efferet?
1153 2051 1206 2108 rto

228 2140 282 2203 Ubi
301 2147 440 2208 Teucer?
462 2148 595 2221 adesset,
615 2147 764 2223 siquidem
780 2143 919 2216 adesset,
937 2140 1077 2219 tempori,

230 2225 278 2286 Sui
299 2235 430 2292 cadaver
450 2232 553 2294 fratris
576 2240 610 2291 ut
632 2239 839 2310 componeret.

230 2310 330 2388 Qualis
357 2318 404 2378 vir
425 2319 519 2391 Aiax,
544 2318 673 2394 qualiter
695 2318 789 2378 miser
802 2317 897 2388 isoes,

229 2397 429 2462 Miserandum
452 2413 482 2462 et
502 2403 580 2480 ipsis
603 2405 739 2463 hostibus
763 2398 1002 2480 spectaculumi'

504 2493 530 2547 1.
553 2491 746 2565 Antistropba
768 2489 867 2546 XIII.

230 2565 277 2628 Oh·
321 2574 446 2632 Labore
467 2591 539 2652 ergo
561 2574 699 2650 improbo

229 2649 385 2730 Volaenes,
410 2657 557 2718 miseriis-

231 2756 296 2813 -que
318 2743 451 2820 fungier,
476 2742 647 2818 etquidem

229 2819 359 2887 Functus
384 2846 427 2886 es.
454 2828 647 2903 usqueadeo

230 2905 299 2968 Mihi
321 2912 397 2972 talia

229 2987 352 3057 Perdius
374 2997 436 3054 aeri
457 2997 559 3054 animo

231 3073 384 3142 Gemendo
407 3082 494 3158 signu
515 3081 577 3138 ium
599 3080 694 3140 dabas

231 3157 386 3240 Hostibus,
411 3174 441 3224 et
464 3185 583 3242 pernox

232 3243 307 3326 Erga
329 3251 455 3312 Atridas
480 3251 583 3310 duces.

231 3327 274 3389 Ea
294 3337 362 3410 fuit,
384 3355 421 3394 ea
442 3335 521 3395 labis

232 3411 375 3499 Princeps
395 3421 477 3479 diest
499 3437 576 3500 quae
598 3416 680 3476 dedit

233 3497 376 3566 Iudicium
399 3524 467 3563 aere
490 3505 549 3563 vir-

235 3591 316 3652 ·tutis
338 3599 367 3648 et
391 3609 464 3668 ergo
488 3587 616 3648 Achillis
643 3603 727 3643 arma
750 3583 882 3642 tradidit.
975 3658 978 3674 l

235 3666 302 3734 Teo.
331 3677 431 3734 Eheu!

236 3751 287 3816 011.
331 3759 492 3821 Generosa
513 3777 585 3818 eura
605 3756 708 3834 penita
729 3754 840 3815 mansit
859 3751 987 3811 viscera.
1143 3747 1195 3802 938

236 3834 303 3903 Teo.
326 3846 426 3908 Eheu!
