3000 4725
627 662 777 759 22⁵—

243 828 344 906 Ripae
367 828 420 887 sed
438 828 517 888 elios
539 842 628 905 atqua
651 831 810 893 Teuchiris
832 834 904 913 iuge

242 914 353 971 Vicina
370 914 495 987 flebunt,
517 914 620 973 littore
642 916 757 975 eiectos
779 919 886 994 procul

241 998 376 1057 Atlantis
399 998 437 1057 ad
460 997 581 1057 deserta
604 1000 767 1073 territoria,

241 1083 387 1142 Membris
410 1092 571 1142 nocentum
593 1084 765 1145 lancinatos
786 1086 984 1165 fragminum:

240 1169 381 1244 Mopsum
403 1167 613 1227 Titaeroneum
637 1171 688 1228 ubi
714 1171 788 1230 olim
806 1173 927 1231 navitae

240 1253 339 1311 Busto
359 1252 495 1310 indidere
516 1262 677 1327 mortuum,
699 1268 729 1313 et
749 1257 838 1316 busto
861 1277 954 1336 super

241 1336 384 1398 Statuere
407 1339 528 1414 cippum
550 1339 707 1399 funebrem
727 1344 851 1419 Argoae
868 1344 963 1403 trabis

240 1421 421 1481 Transtrum
442 1423 605 1497 revulsum,
628 1426 758 1483 manium
782 1426 950 1501 donarium,

239 1508 379 1584 Ausigda
402 1506 601 1583 Cinnyphaea
623 1510 700 1583 quod
724 1512 828 1588 rigans
850 1532 929 1588 aqua
979 1574 981 1579 ,

238 1592 397 1651 Fecundat
416 1592 514 1651 undis.
535 1602 584 1652 ast
602 1593 722 1653 alumno
743 1595 839 1654 Nerei

239 1676 360 1734 Tritoni
384 1674 508 1737 Colchis
532 1698 640 1737 munus
666 1700 744 1738 uxor
766 1681 884 1752 obtulit,

238 1763 342 1820 Lurae
363 1762 482 1837 capacis
504 1782 625 1821 aureum
647 1765 846 1839 carchesium,

237 1846 303 1904 Iter
324 1846 444 1904 docenti
464 1866 524 1922 qua
546 1857 766 1927 perangustas
787 1851 857 1909 freti

238 1931 385 1988 Immittet
408 1950 477 1991 aras
500 1931 617 2009 Tiphys
639 1933 822 1993 incolumem
843 1942 947 1993 retem.

237 2016 280 2074 Et
300 2016 367 2073 iura
388 2014 525 2076 Graecos
546 2019 667 2077 Africae
689 2038 852 2096 capessere

237 2100 412 2177 Pontigeua
431 2108 501 2159 tunc
523 2103 660 2163 biformis
683 2113 801 2163 asseret
822 2105 907 2176 deus,

237 2184 315 2245 Cum
337 2205 445 2244 munus
471 2186 502 2243 id
517 2188 603 2263 plebs
621 2188 753 2248 offerens
775 2190 959 2266 reciprocum

236 2269 373 2347 Libyssa
396 2270 542 2344 Graecae,
564 2273 682 2349 patriae
704 2282 879 2350 exemptum
901 2273 999 2333 dabit:

236 2356 381 2431 Metuque
404 2356 459 2414 fati
480 2377 589 2417 munus
610 2361 764 2436 Asbystae
786 2359 886 2419 iniere

236 2440 372 2499 Telluris
395 2443 501 2500 umbra
523 2445 627 2502 subter
645 2445 782 2522 ignotum
803 2446 939 2517 obruent,

236 2525 300 2586 Ubi
322 2527 426 2584 ducem
446 2527 645 2586 miserrimum
668 2528 884 2605 Cyphensium,

235 2609 416 2687 Nautasque
439 2610 477 2669 ad
495 2632 587 2671 unum
610 2615 705 2672 flabra
726 2615 865 2672 Volturni
885 2624 1017 2691 egerent,

235 2696 277 2754 Et
300 2715 340 2753 ex
358 2695 493 2772 Palytris
515 2698 609 2755 filium
631 2699 870 2770 Tenthredonis,

235 2781 510 2858 Mphrysiensem
530 2783 697 2859 principem
717 2783 946 2859 Euryempium,

235 2867 277 2924 Et
297 2864 470 2941 optimatem
494 2868 701 2944 saxicorporis
723 2869 787 2943 lupi

233 2950 398 3009 Donorum
421 2952 555 3025 edacem,
578 2961 607 3010 et
631 2952 770 3011 culminis
792 2951 1009 3030 Tymphrestii.

233 3033 373 3108 Quorum
393 3036 512 3110 quidem
534 3041 706 3114 Aegoneam
730 3038 783 3095 alii
803 3037 930 3112 patriam

232 3119 456 3179 Desiderantes
478 3129 566 3195 atque
588 3123 735 3181 Echinum
759 3130 790 3181 et
811 3123 958 3194 Titarum‚

232 3205 389 3279 lrumque,
409 3213 471 3264 tum
491 3207 654 3280 Trachine,
674 3216 738 3266 tum
756 3207 990 3266 Perrhoebicam

234 3288 357 3348 Gonum
376 3290 616 3366 Phalanumque,
645 3300 734 3367 atque
759 3292 940 3352 Olossorum
962 3291 1040 3364 sola,

231 3375 274 3433 Et
296 3373 499 3449 Castanaean,
519 3377 702 3454 insepultum
722 3379 754 3435 in
776 3377 902 3453 rupibus

233 3463 353 3517 Aevom
376 3462 525 3536 supremis
549 3463 739 3521 eiulabuntur
761 3462 860 3520 malis.

233 3543 287 3604 Sic
307 3545 390 3602 aliud
410 3546 462 3604 alii
483 3546 572 3605 funus
596 3548 739 3623 adiunget
757 3541 854 3618 Deus,

230 3629 321 3688 Dura
339 3642 409 3686 aute
430 3631 544 3690 reditus
566 3633 702 3690 excitans
726 3630 909 3689 discrimina.

231 3713 325 3772 Illum
346 3717 456 3774 Aesari
477 3717 568 3789 unda,
591 3724 621 3775 et
641 3715 783 3793 oppidum
806 3715 983 3774 minutulum

233 3798 411 3873 Oenotriae,
431 3799 590 3875 Crimissa,
613 3801 700 3860 torris
722 3801 808 3860 noxii

230 3881 418 3944 Stiuctorem
441 3886 574 3960 habebit,
596 3905 683 3962 quem
705 3885 865 3945 momordit
885 3892 1018 3944 excetra.

875 3968 941 4029 23·
