3000 4725
671 638 821 733 A

285 813 403 871 Famae
426 808 578 885 stigmata,
602 809 735 867 nominis
760 810 877 879 lituras,

287 896 406 973 Speras
424 893 495 952 olim
512 892 633 951 abolere
654 914 749 971 posse
759 916 768 966 ;
789 894 910 952 frustra.

288 980 368 1041 Cum
390 980 498 1037 vulnus
521 979 600 1052 coiit,
622 987 724 1037 manet
746 980 887 1037 cicatrix:

286 1064 390 1140 thue
412 1063 538 1122 iufamia
557 1063 666 1123 vulnus
691 1072 737 1122 est
758 1062 899 1132 honoris,·

287 1152 339 1209 Ita
359 1149 523 1227 ignominia
545 1148 609 1207 eius
631 1157 679 1207 est
700 1149 836 1206 cicatrix.

292 1321 344 1377 13.
384 1319 430 1375 Dc
459 1317 579 1389 Sabino,
611 1336 693 1393 qoem
713 1320 865 1394 sponsione
892 1317 969 1374 mille
991 1335 1026 1373 ac
1052 1316 1205 1371 ducentum

323 1422 476 1461 aureorum
482 1412 669 1480 provocarat,
681 1406 885 1480 terpioeraaate
893 1402 1052 1476 triumphat
1057 1397 1177 1457 Auctor.

290 1488 381 1565 Quod
400 1488 565 1546 Fontenaci
588 1507 681 1545 verna
702 1508 761 1546 non
786 1488 925 1559 viriliter,

290 1574 391 1649 Quem
414 1573 525 1631 stultus
546 1574 666 1630 hostem
688 1573 870 1648 provocavit,
895 1569 1021 1645 excipit:

291 1657 384 1734 Quod
407 1658 576 1734 sponsione
596 1657 657 1715 iam
680 1658 853 1730 lacessitus,
875 1666 978 1715 tamen

288 1745 475 1815 Frustratur‚
499 1750 529 1799 et
547 1742 684 1815 calvitur,
709 1751 739 1801 et
759 1744 867 1818 pedem
891 1740 992 1801 struit:

287 1830 437 1888 Extrema
457 1846 550 1885 arena
568 1828 646 1901 quod
669 1828 804 1903 Quirites
827 1828 974 1892 invocans

288 1913 463 1971 Indebitam
487 1913 614 1969 antehac
635 1913 814 1971 missionem
833 1912 977 1989 postulat,

288 1998 365 2058 Non
389 2016 473 2055 crure
495 2006 588 2069 secto,
611 2017 668 2055 non
691 1998 836 2055 lacertum
858 1998 990 2069 saucius,

288 2083 363 2143 Non
389 2084 474 2141 hoste
495 2083 574 2140 viso:
598 2084 652 2141 sed
674 2084 766 2140 tubae
788 2083 890 2142 audito
916 2102 989 2141 sono

290 2169 413 2245 Turpes
437 2168 570 2225 latebras
593 2167 710 2241 quaerit
730 2169 879 2245 exanguis
900 2175 996 2226 metu:

288 2255 356 2311 Vos
379 2250 557 2312 Gallicanae
576 2252 677 2309 lumen
702 2272 737 2309 ac
757 2253 848 2310 decus
871 2260 960 2330 togae

289 2338 406 2415 (Quam
431 2356 498 2396 curn
512 2336 644 2398 Sabinus
668 2339 797 2414 sumpsit
817 2338 899 2411 olim,
918 2337 1054 2415 Iuppiter

290 2425 380 2482 Tunc
401 2424 569 2497 inquinavit
591 2443 661 2481 aere
683 2431 804 2501 tempus
824 2427 962 2501 aureum)

289 2510 366 2581 Vos,
388 2509 571 2584 caeterique,
595 2509 645 2583 qui
666 2508 852 2585 voluptatem
872 2509 994 2567 auribus

289 2595 362 2653 Huc
382 2601 562 2669 aucupatum
586 2595 816 2653 concucurristis
840 2595 942 2667 domo,

289 2679 394 2738 Abite.
427 2679 518 2736 abite.
563 2679 628 2735 Iam
649 2686 697 2736 sat
720 2688 777 2751 est,
798 2679 865 2736 vici.
911 2679 1006 2754 Quia

289 2764 383 2821 Vinci
403 2771 533 2835 veretur,
554 2772 601 2822 sat
624 2762 756 2824 Sabinus
780 2763 877 2822 victus
897 2772 953 2822 est.

290 2849 397 2920 Abite,
420 2849 488 2906 vici.
532 2846 593 2908 Sed
615 2867 713 2906 meam
734 2848 891 2907 victoriam

259 2933 263 2938 ’
288 2933 364 2993 Non
383 2942 524 2991 aeneator
545 2934 732 3010 praedicabit
756 2934 913 3005 Isthmius,

288 3017 364 3078 Non
386 3019 539 3076 laureatae
563 3019 747 3077 nunciabunt
768 3019 883 3076 literae.

287 3102 363 3162 Nou
383 3122 431 3160 rne
454 3105 621 3161 trahentem
644 3103 751 3160 aulaea
769 3105 922 3180 palmatae
942 3111 1040 3180 togae,

289 3189 430 3264 Viaeque
453 3189 570 3262 equinis
595 3196 690 3247 strata
710 3188 904 3264 plaudentem
923 3188 1044 3266 ungulis

288 3275 378 3332 Ebur
400 3272 501 3331 curule
524 3275 611 3334 sistet
631 3273 662 3330 in
686 3274 763 3331 clivo
782 3275 879 3347 Iovis,

289 3358 361 3416 Iovi
380 3358 520 3416 Faliseae
544 3359 710 3417 debitorem
732 3360 880 3417 victimae.

289 3443 364 3502 Non
385 3445 546 3502 bracteatis
565 3444 722 3502 ventilabit
742 3444 883 3502 laudibus

289 3528 386 3605 Volgi
407 3530 547 3605 sequacis
570 3517 691 3602 clamor,
715 3537 767 3586 aut
789 3529 950 3604 Quiritium

288 3613 399 3671 Paean
417 3633 554 3673 canorus.
579 3634 639 3672 non
661 3615 766 3672 iocosa
786 3615 933 3672 montium

288 3699 400 3775 Imago
424 3699 513 3758 claris
535 3699 671 3757 intonata
691 3699 858 3776 plausibus

289 3783 427 3843 Victoris
451 3802 539 3842 aures
561 3785 740 3860 personabit
758 3784 862 3861 gloria.

289 3867 421 3928 Plebeia
441 3869 534 3945 pulpa
556 3870 656 3927 ductet
677 3871 752 3927 haec
774 3870 940 3943 famelicos,

965 3964 1009 4023 2.
