3000 4725
605 620 756 716 „Q-

233 785 283 851 Ὧν
303 787 375 871 κέαρ
394 790 488 872 πηλῷ
504 784 664 861 σέσακται,
687 787 738 849 καὶ
762 786 950 870 δυσεκνίπτιρ
969 785 1063 868 τρυγί.

230 869 267 935 ’θ
280 871 363 941 πόλις
375 871 475 948 πόλις,
498 870 637 955 εὐτυχεῖς
651 893 685 952 γε
701 872 829 953 μᾶλλον,
849 893 869 952 η
883 872 987 940 καλῶς
1002 872 1136 954 φρονεῖς.

230 953 356 1041 Ὠ[ι]περ
380 956 446 1020 οὐκ
465 953 618 1040 ἐχρήσατ’
639 953 674 1017 ἄν
695 977 739 1022 τις
761 952 833 1017 οὐδ’
857 953 889 1021 ἐς
908 951 1069 1037 δίυθύμια.

234 1038 281 1109 Ὣς
299 1039 361 1104 ἄνω
382 1041 437 1124 τὴν
460 1040 622 1124 μασχάλην
645 1037 783 1122 α’ίρωμεν
809 1037 1035 1119 ἐμπεπωκότες.
1064 1072 1070 1098 ι

233 1122 281 1194 Ὣς
301 1124 360 1208 ἐγὼ
380 1126 508 1188 πολλῶν
531 1122 670 1194 ἀκούσας
692 1123 764 1186 οἶδα
786 1123 836 1186 τὸν
860 1120 962 1206 ψόφον
989 1122 1095 1206 θρίων.

229 1204 336 1295 Ὥσπερ
361 1211 392 1273 αἱ
413 1212 552 1289 ποῖμναι,
572 1207 668 1277 ξένοις
689 1207 786 1292 θύραν
811 1203 877 1290 ἔχει
894 1205 1104 1291 τετριμμένην.

228 1287 312 1356 Ὥστε
334 1294 389 1358 καί
410 1316 445 1356 σε
463 1292 518 1362 ’τὰς
535 1295 677 1377 χελώνας
698 1296 857 1375 μακαριεῖν
878 1294 932 1353 τοῦ
955 1292 1008 1377 δέρ
1055 1312 1117 1359 τος.

233 1374 349 1463 Ἀγρίου
372 1377 428 1463 βέβ
450 1399 542 1445 ωκας.
560 1374 683 1458 Ἀγαθὰ
703 1377 803 1440 πάντα
825 1372 978 1438 Κιλλικὼν
1000 1313 1073 1459 3³⁴²]-

230 1461 372 1547 Ἀγρδςή
396 1401 495 1530 πόλις.
518 1459 613 1529 Πόλις
637 1462 671 1524 δὲ
692 1457 814 1528 Κέσκος
836 1459 893 1525 ούκ
915 1458 1033 1544 ἔχουσα
1055 1463 1136 1523 νοῦν.

233 1544 325 1610 Ἀλλὰ
347 1548 389 1631 μὴ
410 1548 494 1629 ὥρας
516 1545 621 1608 ίκοιτο.
643 1543 696 1629 Μὴ
721 1544 833 1627 λόγους
857 1545 924 1607 ἀντ’
947 1544 1095 1628 ἀλφίτων.

228 1628 318 1694 ’Άλλο
343 1631 398 1714 μὲν
420 1631 570 1694 ποίκιλλε.
593 1627 666 1698 Τυῖς
687 1633 821 1712 νεκροῖσι
844 1631 1061 1735 συγχρωτίζευ.

231 1711 436 1800 Ἀ[ν]δριάντα
456 1715 658 1798 γαργαλίζεις.
680 1711 850 1797 Πηνικίζειν
874 1735 926 1796 μοι
948 1716 1057 1782 δοκεῖς.

231 1799 308 1862 Ἀντὶ
332 1800 437 1883 Δήλου
456 1799 509 1882 τήν
529 1795 720 1882 Καλαυρίαν.
741 1794 900 1880 Ὀρίγανον
926 1797 1041 1883 βλέπει.

230 1880 313 1954 Ἀξία
333 1889 389 1948 τοῦ
399 1885 575 2030 1ἓριύματυς
594 1883 689 1947 κύων.
710 1880 814 1964 Θύρας
837 1882 1014 1966 ἁμαρτάνει.

228 1965 377 2052 Ἃρπαγαὶ
430 1969 600 2034 υτυττίυισι.
624 1964 686 2050 Τῆς
708 1965 905 2049 Παλαιτύρυυ
929 1969 1020 2030 κακά.

229 2049 361 2120 Ἀττικός
380 2053 538 2135 πάροικος.
555 2049 700 2135 Ἀστρυις
718 2051 770 2134 τὴν
797 2052 869 2114 ὁδόν
891 2053 1104 2136 τεκμαίρομεν.

230 2137 325 2200 Αὑτὸν
346 2136 382 2199 ού
406 2134 527 2220 τρέφων
543 2136 637 2210 κύνας
651 2134 781 2238 τρέμεις.
803 2134 827 2198 Γ
830 2134 911 2203 έλως
930 2135 1136 2220 συγκρούσιυς.

227 2219 313 2305 Ἀχρι
332 2221 469 2305 χείλους.
481 2216 653 2304 Κυζικηνὸν
676 2219 793 2304 βάμμα.
816 2217 954 2302 Μνήμων
973 2221 1137 2305 συμπότης.

230 2301 431 2389 Βατταρίζειν.
454 2301 583 2369 Μᾶλλον
606 2306 625 2388 ή
649 2306 682 2369 τὸ
706 2309 803 2388 γήρας
823 2303 922 2381 ἐκδὺς,
943 2306 1076 2389 ἥδομαι.-

231 2385 463 2474 Βιβλιαίγισθος.
484 2389 585 2453 Λάλον
613 2391 640 2453 τί
659 2391 710 2453 καὶ
729 2390 914 2474 πυριδραγὲς
937 2395 1059 2475 ψοφεῖς.

232 2471 352 2538 Γλαῦκα
370 2474 593 2559 Ααυριωτικήν.
615 2474 639 2537 Γ
642 2480 760 2542 ενναῖος
783 2474 817 2537 ἐκ
838 2476 1033 2559 βαλλαντίου.

231 2555 365 2627 Γλαῦκος
387 2558 481 2627 άλλυς
506 2558 709 2645 ίππόβρωτυς.
731 2555 787 2628 Εἷς
808 2560 891 2633 θεὸς,
910 2561 1022 2622 πολλοὶ
1044 2563 1138 2647 ριλοι.

231 2638 253 2702 Γ
256 2644 491 2727 λωσσογάστωρ.
516 2640 562 2707 Ού
582 2668 609 2707 τι
631 2641 745 2729 ῥαδίως
768 2644 917 2727 ἀληθεύει
936 2641 1033 2714 Κίλιξ.

232 2722 328 2809 Γραῦς
349 2727 486 2813 χορεύει.
506 2728 611 2813 Λυδίιμ
632 2708 691 2811 νόμ
720 2774 727 2790 .
750 2726 864 2792 Κακῦιν
883 2730 1058 2812 πανήγυρις.

232 2806 346 2895 Γυμνδς
367 2816 411 2880 ὡς
432 2812 467 2876 ἐκ
487 2814 601 2895 μητρὸς
624 2813 660 2876 εἶ.
676 2754 792 2877 ’ύκυυε
812 2813 890 2877 τάπὸ
914 2814 1051 2895 καρδίας.

231 2892 381 2959 Δαιδάλου
408 2898 556 2981 μάχαιρα.
578 2896 745 2961 Νουθετῶν
769 2896 821 2981 ἐρ’
844 2896 936 2965 αύτδς
957 2897 1089 2961 αἰπύλει.

232 2977 359 3062 Δακρύει
382 2979 554 3063 Μεγαρεύς.
578 2982 759 3049 Λακωνικὰς
783 2982 914 3065 σελήνας
932 3004 985 3062 μοι
1005 2981 1112 3065 λέγεις.

231 3054 281 3131 Εἰς
297 3063 464 3149 Ἀφάννας.
485 3064 593 3149 Ἀγρία
615 3066 748 3149 μέλιττα.
775 3064 939 3149 Θησαυρδς
959 3071 1073 3131 κακῶν.

230 3138 363 3243 ΞΕμπολή
394 3149 555 3213 Φοίνισσα.
579 3146 734 3297 Βέγήλικος
757 3151 852 3233 δίκην.
869 3150 894 3213 Γ
896 3156 914 3234 ᾖ
939 3148 1067 3234 Κυρνία.

239 3225 328 3301 Εντδς
350 3232 495 3318 ἑβδόμης.
519 3232 596 3297 Νυνὶ
617 3258 635 3316 γ
655 3258 735 3299 νυιτυ
758 3236 900 3316 σωθῆναι
923 3235 1026 3317 μόνον.

231 3306 358 3399 Ἐρῥέτω
379 3317 469 3401 φιλος
492 3317 544 3381 σὺν
568 3319 683 3405 ἐχθριγῑ.
706 3317 810 3405 Μέχρι
832 3324 885 3401 τῆς
907 3322 1083 3404 κορωνίδος.

233 3399 827 3569 ιόίίτίιὲιῦίίόί’.ελῖῦίῗλῖῗίλῗ)
840 3406 1073 3557 ίόίύῗίῑκίὼ·

484 3524 496 3555 ι,
808 3536 816 3549 .
881 3525 884 3534 ¹
973 3534 981 3549 .

233 3556 352 3633 Εόνοῶν
373 3510 518 3654 σφάκῦης.
544 3569 583 3634 Τί
603 3574 718 3657 φάτταν
742 3573 809 3635 ἀντὶ
830 3576 884 3653 τῆς
906 3579 1100 3658 περιστερᾶς;

234 3640 322 3734 Εὗρεν
347 3654 366 3717 ἁ
389 3655 488 3724 λοπὰς
502 3658 536 3719 τό
559 3662 663 3739 πῶμα.
686 3655 769 3740 Πρός
792 3656 870 3725 ἅλας
890 3657 1107 3741 ἠγορασμένοι.
1149 3695 1151 3699 ⁴

233 3725 374 3821 Ἡλίῳ-τό
399 3743 467 3821 φῶς
487 3741 643 3813 δανείζεις.
666 3740 830 3825 Ἀμρορῆς
849 3742 1040 3824 νενασμέναι.

233 3809 339 3907 Ἡμένη
363 3822 564 3895 πελειάς.ού
589 3827 749 3895 δάκνουσιν
776 3826 807 3891 οί
828 3825 1018 3910 τεθνηκότες.
