3000 4725
726 598 876 713 geo-⁰

355 786 450 845 Viros
469 780 579 845 hiantis
603 786 634 843 in
658 786 717 845 soli
737 787 893 865 voragine,

355 870 536 948 Sepulcrum
557 878 588 929 et
605 870 684 948 ipsis
706 870 891 947 insepultum
914 871 1028 934 Daunii

356 954 497 1017 Statuent
518 973 627 1014 acervo
648 955 829 1015 fornicatum
853 976 958 1030 saxeo,

280 1037 347 1095 1065
356 1041 483 1099 Terram
507 1038 671 1100 offerentes
692 1059 782 1115 quam
803 1042 949 1101 volebant
967 1060 1097 1115 sumere,

357 1123 566 1185 Cerebrieorbi
584 1124 639 1183 filii
660 1126 728 1202 apri
749 1125 862 1184 bellici.

358 1207 420 1270 Sed
441 1209 571 1268 liliomm
591 1208 823 1270 Naubolecrum
843 1218 948 1287 petent
1041 1259 1044 1264 .

356 1292 476 1355 Nactae
497 1294 688 1368 Temessam‚
711 1314 773 1372 qua
790 1296 918 1374 iugosus
938 1296 1104 1373 Lampetes

356 1379 481 1439 Illustre
501 1396 595 1438 cornu
616 1380 737 1439 verticis
757 1380 908 1457 Hipponii

280 1464 348 1519 1070
358 1462 430 1525 Salo
452 1462 593 1523 tetendit:
618 1484 735 1542 proque
757 1462 882 1525 Orissae
899 1466 1012 1525 finibus

356 1548 562 1609 Crotoniatem
585 1557 761 1625 portuosum
784 1549 940 1627 pulverem

355 1634 521 1693 Taurorum
544 1636 674 1693 arabunt
694 1635 803 1694 ferreis
824 1635 1007 1707 dentalibus,

354 1718 492 1777 Patriam·
513 1718 641 1777 Lilaean
664 1728 694 1777 et
714 1723 906 1780 Anemoreee
926 1720 1003 1793 sola,

354 1804 541 1881 Amphissan
562 1812 592 1861 et
607 1804 816 1864 desiderantes
836 1813 925 1880 atque
946 1807 1039 1865 Abas.

279 1893 346 1946 1075
357 1887 469 1949 Setaea
491 1889 613 1959 misera,
635 1890 754 1965 rupium
776 1897 806 1948 te
823 1909 896 1947 cmx
918 1899 1030 1963 manet,

300 2012 305 2025 ·
355 1972 417 2034 Ubi
438 1973 580 2031 numellis
603 1974 827 2033 membrivincis
847 1974 955 2045 ferreis

355 2058 478 2118 Misella
498 2058 599 2134 pessis
620 2059 792 2135 compedita
810 2059 942 2117 brachiis

355 2144 488 2202 Moriere
509 2143 621 2201 heriles
642 2162 718 2201 ause
741 2144 856 2203 classes
876 2162 973 2216 urere,
1004 2194 1012 2213 ,

354 2229 404 2287 Ad
424 2224 549 2287 Crathin
572 2228 705 2286 eiulaute
727 2238 836 2305 questu
856 2229 1007 2286 volturum

280 2319 346 2374 1080
356 2313 479 2390 Rapina
499 2312 646 2389 pendens,
670 2313 807 2373 oscinum
827 2314 998 2373 voracium:

357 2398 438 2474 Quin
461 2399 553 2457 sortis
574 2398 626 2456 ille
645 2417 735 2457 mons
760 2408 831 2457 tuae
851 2400 1042 2476 cognominis

354 2483 447 2542 Ponti
466 2482 608 2561 procellis
629 2484 803 2555 imminens,
828 2483 992 2543 vocabitur.

357 2567 472 2627 Tamen
495 2568 621 2645 Pelasgi
643 2569 682 2626 ad
702 2568 765 2636 elta
787 2569 959 2627 Membletis
984 2568 1072 2642 vada,

356 2651 533 2728 Quicunque
554 2650 696 2712 Corsicae
718 2655 901 2731 appulerunt
919 2654 1049 2726 insulae,

279 2744 346 2800 1085
357 2737 605 2817 Tyrr[h]enicum
624 2737 703 2796 ultra
727 2758 861 2796 murmur
880 2739 920 2796 ad
938 2739 1097 2798 Lametios
1146 2784 1149 2789 <

354 2825 480 2883 Lucana
498 2824 651 2881 habebunt
672 2825 806 2901 gurgites
827 2823 955 2881 novalia.

355 2909 431 2970 Illos
452 2909 557 2966 ruinae
580 2907 714 2982 duraque
731 2909 899 2967 infortunia

354 2995 488 3054 Masatos
508 2994 661 3051 hebebant
683 3013 745 3051 non
766 2992 915 3051 relaturos
937 2993 1047 3069 pedem

353 3078 484 3155 Propter
503 3097 637 3136 mearum
659 3079 830 3154 nuptiarum
849 3077 907 3136 vim
933 3085 1055 3135 trucem.

281 3169 348 3226 1090
356 3163 424 3222 Nec
445 3164 496 3239 qui
520 3171 648 3240 penates
669 3163 835 3240 gestientes
858 3169 931 3238 post
950 3169 1065 3239 petent,

354 3248 550 3307 Vitulationis
570 3248 694 3325 pinguia
714 3247 878 3306 adolebunt
901 3266 997 3320 sacra,

357 3332 595 3392 Redhosticntes
618 3333 746 3410 matiam
769 3332 922 3393 Lucretio.

355 3415 437 3476 Nam
458 3425 505 3475 tot
522 3417 620 3475 ruinis
642 3426 688 3476 tot
706 3418 796 3476 malis
818 3418 951 3489 Erimus,

355 3502 415 3560 Tot
436 3501 613 3560 Mertiorum
635 3503 796 3579 coniugum
818 3502 956 3576 aedituas
976 3520 1070 3559 nurus

279 3587 447 3652 1095Dolis
469 3586 593 3659 rotabit,
611 3605 668 3645 neo
691 3587 780 3646 melis
801 3587 958 3663 navifrago

358 3671 501 3732 Cessabit
516 3671 630 3748 ignium
652 3673 806 3730 excubans
826 3671 965 3730 custodia

356 3757 405 3817 Ob
429 3755 512 3816 caesi
532 3756 647 3818 alumni
669 3755 743 3828 fata,
764 3774 851 3832 quem
874 3773 983 3833 cespes
1007 3773 1115 3814 recens

355 3842 497 3903 Effossus
515 3843 547 3900 in
569 3840 677 3900 tellure
699 3842 892 3919 Methymuee
914 3848 1003 3920 teget.
