3000 4725
725 545 877 691 Lu-

346 767 485 827 Oocursu
508 762 653 823 horrifero
672 763 855 843 pervolgans
877 764 975 825 noetis
997 783 1108 842 opaca,

347 850 410 913 Sed
433 852 489 910 sub
511 857 541 908 te
559 848 650 925 placo
671 848 793 927 Regina
812 850 962 928 nigrantis
983 850 1109 923 Averni,

347 935 541 1014 blentivagos
566 933 706 993 stimulos
727 934 847 1011 protelo
870 934 910 993 ad
929 935 1042 993 extima
1062 943 1171 1009 terrae,

347 1020 534 1081 Fluminibus
553 1018 623 1077 facii
644 1026 800 1081 ostentans
822 1020 972 1096 placabile
993 1039 1116 1079 numen.

350 1188 389 1245 71
549 1190 649 1247 Fortis
670 1189 822 1249 Fortunae
843 1190 984 1265 testim
1006 1198 1060 1249 rur.

348 1272 418 1331 Huc
441 1273 485 1333 sis
508 1272 586 1333 Fors
608 1272 751 1347 Fortuna,
774 1274 869 1333 sacris
888 1272 1009 1351 Regina
1025 1292 1099 1333 voco
1115 1282 1149 1331 te

348 1360 548 1429 Mansustsm‚
572 1357 779 1434 Triviamque,
799 1359 844 1416 rei
865 1358 1042 1435 praedivitis
1064 1378 1148 1436 ergo,

347 1444 388 1502 Et
405 1442 553 1501 Deianam
573 1443 750 1517 antistitem,
771 1443 857 1519 opaci
881 1443 1029 1521 sanguine
1050 1441 1148 1503 Consi

348 1528 557 1606 Progeniem,
579 1536 794 1603 aeternumque
811 1528 925 1587 invicta
943 1528 1033 1586 laude
1055 1527 1224 1586 cluentem:

349 1617 450 1689 Atque
470 1612 672 1687 bibentium,
695 1613 906 1689 perbitentem‚
929 1614 1064 1672 omnibu'
1084 1622 1217 1671 cautam.

349 1697 490 1756 Daedala
508 1716 638 1775 namque
660 1699 691 1757 iu
713 1706 744 1757 te
767 1698 924 1775 opulentia
944 1705 1061 1758 emetat
1077 1699 1252 1757 homonum.

349 1782 488 1858 Namque
510 1782 579 1843 aliis
602 1802 710 1859 copum
733 1783 788 1843 das
808 1802 909 1841 rerum
929 1783 1072 1859 pleraque
1090 1784 1226 1853 abunde,

349 1868 561 1944 Paupertatem
585 1868 666 1941 aliis,
686 1870 800 1927 irarum
821 1868 935 1945 percite
956 1868 1047 1926 iaetu.
1079 1922 1082 1925 ,

349 1953 475 2025 Verum,
496 1972 514 2011 ο
534 1952 625 2027 Diva,
650 1954 730 2012 domi
751 1961 783 2011 te
801 1955 928 2013 obsecro
950 1953 1118 2013 Favonium
1143 1952 1265 2025 adesse,

349 2036 538 2098 Gliscentsm
561 2056 594 2097 re
617 2057 703 2115 eope,
726 2039 773 2097 rei
794 2037 971 2115 praedivitis
994 2057 1078 2116 ergo.

350 2206 392 2265 72
650 2207 736 2265 Genti
755 2209 895 2283 suffimen,
916 2215 970 2266 tue.

349 2289 576 2368 Magnanimum
599 2290 730 2351 Genium
751 2292 826 2365 calo,
847 2299 1018 2369 praetorem
1040 2291 1260 2362 venerandum,

349 2378 600 2451 Mansuetumque
622 2377 735 2450 lovem,
757 2387 913 2436 auctorem
933 2376 1106 2454 genitabilis
1128 2395 1237 2449 aurae,

350 2460 501 2533 Diovem,
510 2461 620 2536 ubique
632 2471 802 2540 vagantem,
817 2461 1020 2522 etVaeioveni
1028 2461 1271 2538 imperitantem:

351 2545 411 2619 Qui
432 2545 553 2623 largiris
578 2566 664 2623 opes,
687 2555 721 2605 nt
739 2548 825 2606 inisti
846 2555 927 2607 tecta
947 2547 1146 2619 cachinnans,
1172 2611 1178 2618 ,

351 2633 391 2690 Et
413 2639 519 2690 contra
537 2633 686 2690 humanae
709 2632 862 2710 extinguis
883 2632 935 2707 qui
957 2632 1112 2690 commoda
1134 2631 1231 2690 vitae.

350 2715 511 2790 Laetitiae,
533 2712 689 2790 moerori,
711 2717 871 2790 Patulciu'‚
894 2715 1019 2777 Clusius
1044 2716 1126 2774 idem
1147 2735 1200 2777 es.

352 2801 453 2876 Quare
476 2799 579 2880 Sango
600 2809 696 2878 pater,
717 2821 855 2862 curarum
878 2802 996 2862 semina
1014 2801 1144 2878 pellens,

351 2886 535 2947 Insidiautia
554 2886 645 2960 vitae,
666 2888 698 2945 in
717 2895 798 2946 terra
820 2887 1021 2966 frngiferum,

352 2971 529 3047 Deprecor
552 2973 730 3047 sequanimo
754 2973 845 3032 vitam
867 2973 1047 3032 concludere
1068 2971 1138 3028 line.

354 3143 393 3200 73
448 3189 451 3196 ,
508 3142 604 3201 Dione
625 3143 776 3202 Albuneae
794 3142 935 3218 suffimen,
958 3150 1100 3200 aromata.

352 3226 523 3286 Albuneam
544 3227 630 3286 elicio
649 3236 828 3306 prognatam
849 3227 984 3304 principe
1005 3222 1129 3295 Cadmo,

353 3311 504 3388 Magnam,
527 3331 603 3388 quae
623 3311 768 3372 Brumum
791 3320 839 3372 est
862 3312 1054 3371 obstetricuta
1071 3309 1272 3368 nefrendem:

353 3395 423 3454 Huc
441 3397 514 3456 ades
537 3417 555 3456 o
579 3417 656 3473 qnae
679 3397 763 3458 salsa
781 3405 867 3457 tenes
889 3404 919 3454 et
935 3395 1055 3454 caerula
1075 3393 1205 3470 templa,

352 3481 511 3540 Fluctibus
534 3482 684 3555 exultans,
707 3490 866 3541 nauwmm
886 3480 1005 3557 sospita
1024 3479 1117 3551 Iun0;

353 3564 435 3624 Nam
460 3575 490 3624 te
510 3568 676 3643 respiciunt
696 3581 824 3646 puppes'
836 3587 891 3644 per
908 3585 998 3624 caece
1017 3564 1149 3642 pericla;

354 3651 424 3711 Una
441 3651 632 3712 laborantem
655 3653 767 3712 solaris
787 3653 821 3712 in
842 3671 971 3728 aequore
993 3651 1134 3729 volgum

354 3735 430 3810 Quis
453 3744 486 3796 tu
509 3738 693 3798 subveniens
714 3739 788 3798 ades
809 3738 843 3796 in
864 3735 1039 3797 discrimine
1058 3749 1184 3812 sospes.

353 3822 436 3900 Engo
459 3821 599 3882 salutaris
620 3843 769 3900 praesens
791 3822 966 3903 urgentibus
988 3821 1073 3881 adsis
