3000 4725
678 615 737 675 291

248 775 383 929 X'‘'X
365 802 482 948 ᾳτεροςβ
487 778 678 887 ιΗροινλέης
685 778 898 889 κερβερόνυεος
922 752 993 857 ἐὼν,

364 866 482 950 φερεσβ
484 865 521 948 ίῳ
543 864 637 946 ἄμμιν
661 864 825 1011 ἀνήγονόμς
828 863 953 928 Ἄννιον
975 866 1018 934 εἰς
1038 868 1106 950 φῶς
1158 818 1159 825 ¹

248 862 372 1035 Χεθθὰψ
358 950 431 1031 ’δὴ
456 947 658 1017 ὑλακτοῦντος
679 970 728 1011 σοι
751 946 919 1033 μετόπισθε
940 949 1100 1019 κυνός.

481 1112 544 1179 Τοῦ
569 1116 664 1180 αὐτου
688 1117 732 1184 εἰς
753 1118 802 1181 τὸν
829 1115 931 1179 αὐτόν.

241 1198 360 1264 'Ea'
328 1224 356 1263 τε
382 1221 488 1276 τουτο,
509 1224 537 1262 τι
530 1199 652 1285 ’χρέος
671 1200 842 1283 θεήλατον;

243 1283 500 1366 Ἐνθουσιασμοῦ
521 1291 686 1368 συγγενοῦς
707 1286 759 1348 καὶ
778 1284 952 1367 συντρόφου

241 1367 407 1451 Ὄντοςγ’
433 1369 607 1454 ἐλευθερίᾳ,
627 1368 779 1449 Σκάλανε,
798 1373 864 1436 πῶς
887 1368 956 1453 δῆτ
983 1368 1041 1453 ἔπη

237 1449 373 1517 'Exuet’
399 1454 536 1516 ἑκάστων
555 1454 753 1556 ἀνταμείβεις
773 1460 832 1517 τῶν
857 1453 956 1530 susim

246 1536 313 1601 Καὶ
332 1542 400 1606 πῶς
422 1538 555 1621 ἀνάγκης
575 1538 746 1645 τοῦνπαλιν
768 1539 893 1619 δεσμοῖς
914 1538 1015 1607 δεθεὶς

246 1622 292 1685 Συ
323 1623 420 1706 μηδὲν
445 1622 600 1706 ἐκφαίνεις
621 1644 695 1691 επος
718 1621 943 1705 ἀνελεύθερον,

559 1794 705 1854 Personae
720 1796 862 1871 fabulae.

454 1878 602 1952 Minerva,
811 1876 962 1952 Nuncius,

457 1964 599 2039 Ulysses,
813 1963 941 2036 Teucer,

455 2049 547 2120 Aiax,
806 2048 975 2122 Menelaus,

454 2132 631 2204 Tecmessa,
804 2135 1025 2211 Agamemnon,

457 2215 576 2277 Chorus
586 2245 588 2250 ·
600 2215 836 2297 Salaminiorum
858 2220 1019 2278 sociorum.

587 2387 685 2449 Actus
707 2385 839 2450 Primus.

181 2538 182 2547 ,
637 2472 786 2532 Minerva.

245 2560 316 2617 Iam
340 2556 441 2629 video,
463 2555 588 2632 Ulysse,
614 2575 708 2634 saepe
729 2566 759 2615 te
781 2558 917 2616 venatico
1167 2557 1181 2610 1

248 2643 416 2720 captasse,
435 2648 568 2700 utentes
591 2643 727 2702 hosticas
748 2651 970 2719 praevorteres.

248 2729 362 2803 Teque
380 2727 458 2785 adeo
479 2727 519 2784 ad
537 2727 637 2802 ipsam
659 2730 847 2786 commodum
867 2726 997 2786 classem
1016 2727 1154 2786 ultimam

181 2854 182 2861 ε
247 2813 369 2884 Aiacis,
392 2812 445 2869 ubi
466 2819 535 2886 post
551 2812 700 2888 principia
721 2813 827 2885 tendit,
851 2820 916 2870 tuor

247 2899 456 2974 Ruspantem,
478 2903 508 2954 et
526 2896 600 2955 olim
619 2897 793 2955 metientem
815 2896 920 2956 sedulo
1164 2913 1183 2966 5

247 2981 347 3042 Notis
369 2982 473 3040 adulta
492 2982 616 3057 nuperis
639 2982 778 3059 vestigia,

247 3067 295 3127 Ut
315 3067 410 3139 intus,
434 3087 475 3125 an
495 3067 580 3126 foras
604 3066 654 3139 sit,
678 3067 775 3126 oculis
797 3069 956 3140 aucupes.'

248 3153 338 3210 Pene
363 3160 462 3212 autem
484 3170 517 3210 es
541 3159 723 3224 assectatus,
744 3160 778 3210 ut
800 3149 884 3208 canis
908 3165 1013 3224 sagax.

248 3235 385 3311 Nonque
408 3237 490 3296 intus
510 3237 602 3296 ellum
624 3245 671 3296 est
690 3237 770 3296 haud
793 3236 853 3306 din,
878 3240 969 3308 caput

249 3321 375 3403 Sudore
396 3340 524 3380 manans
546 3329 636 3395 atque
657 3323 821 3380 carnufices
843 3335 961 3376 manus.
1168 3333 1200 3386 ιο

251 3406 355 3480 Quare
378 3406 459 3466 intus
479 3407 662 3483 inspectare,
685 3405 814 3465 ucc‘tibi
834 3403 983 3480 integrum
995 3408 1063 3474 est,

253 3492 386 3552 Omitte:
409 3499 525 3550 tantum
545 3493 620 3565 fare,
641 3492 748 3566 quoius
769 3489 866 3568 gratia

252 3576 333 3636 Tam
352 3579 480 3654 satagis,
498 3585 651 3649 omnent,
671 3573 814 3652 quiequid
834 3574 923 3632 huius
946 3579 1003 3644 est,
1025 3570 1140 3646 loquar.

251 3660 304 3722 Ul.
345 3661 372 3720 0
394 3662 468 3720 mihi
484 3661 619 3720 Dearum
638 3680 711 3719 eura
728 3677 871 3718 maxume
891 3656 1025 3716 omnium

252 3748 401 3817 Minerva,
424 3766 514 3824 quam
537 3747 586 3805 vel
607 3747 724 3806 eminus
746 3745 828 3804 clare
848 3743 931 3802 tuam'
1168 3755 1200 3810 15

252 3831 368 3890 Vocem
390 3851 463 3896 aare
486 3833 583 3908 capio,
608 3840 638 3890 et
657 3838 758 3891 mente
778 3847 938 3969 suspense}
947 3825 1066 3942 nauto,
