3000 4725
646 625 705 685 aot

236 792 306 851 Nam
327 795 398 870 quid
418 795 485 872 agis
504 794 605 853 Aiax?
628 796 687 852 heu
708 795 762 853 ubi
781 812 827 866 es,
848 794 915 853 fili?
936 796 1039 855 occidi.

236 880 276 936 Ai.
315 879 463 937 Teucrum
487 898 572 937 voco.
592 880 716 937 ubinam
732 879 869 938 Teucer?
891 877 1044 940 assiduon'
1058 882 1138 941 volet

234 962 357 1022 Ductare
379 964 534 1041 praedas?
554 972 604 1022 ast
625 984 683 1041 ego
706 966 822 1027 intereo
841 965 943 1025 miser.

236 1046 281 1107 Oh.
322 1049 427 1109 Homo
448 1058 496 1109 est
513 1049 595 1125 apud
616 1068 662 1122 se,
683 1058 717 1107 ut
740 1049 849 1109 sentio.
873 1051 986 1126 aperite
1005 1070 1116 1130 ocyus:

233 1132 423 1193 Reverebitur
446 1133 589 1193 fortassis
612 1135 728 1211 aspecti
749 1135 820 1194 mei.
870 1154 873 1161 ’
1136 1138 1189 1193 345

233 1217 298 1276 Tec.
337 1221 514 1297 Aperimus‚
536 1236 616 1277 ecce.
636 1216 797 1278 Caeterum
817 1220 890 1277 licet
910 1219 964 1277 tibi

232 1301 363 1363 Hominis
385 1305 464 1362 tueri
485 1312 582 1381 gesta,
607 1311 637 1361 et
659 1305 795 1364 eiusdem
813 1312 933 1364 statum.

573 1385 704 1465 Strophii
732 1392 784 1450 VI.

232 1473 274 1529 Αἰ.
318 1472 451 1534 Sodales
475 1472 567 1530 maris
591 1476 735 1552 remiges,

232 1556 320 1616 Amici
342 1558 427 1617 unici
449 1558 595 1629 omnium,
617 1566 648 1615 et

232 1644 383 1718 Aequitate
403 1651 520 1702 stantes
542 1642 608 1717 piat

232 1725 331 1786 Videte
350 1748 401 1787 me
422 1746 502 1799 esse,
525 1725 624 1801 qualis
645 1737 692 1788 est

232 1809 284 1869 Ubi
306 1833 415 1872 recens
436 1814 474 1870 ab
495 1812 630 1870 aestibus

232 1894 345 1958 Fluctus
363 1899 464 1957 adhuc
485 1906 630 1954 movetur.

233 1978 280 2039 Ch.
321 1984 391 2042 Vah
412 2002 502 2057 quam
521 1980 677 2039 evidenter
700 1998 773 2039 vera
792 1989 919 2059 testatus
944 1980 1033 2038 modo
1053 2000 1098 2054 es,

233 2064 314 2140 Quod
330 2069 552 2151 ‚comprobatur
573 2067 648 2125 satis
670 2066 810 2125 inornate
833 2068 892 2125 hoc
909 2073 998 2125 statu.
1138 2067 1190 2121 355

548 2152 742 2226 Antistropha
770 2153 823 2211 VI.

232 2235 274 2293 Αἱ.
313 2236 425 2308 Amici,
447 2235 595 2293 marinum
618 2255 725 2313 genus,

232 2317 283 2378 Rei
305 2322 447 2382 nauticae
469 2320 580 2393 sciens,

232 2403 308 2466 Beue
327 2408 472 2467 inhibens
495 2406 570 2464 ratis
590 2405 762 2481 palmulas:

232 2489 429 2568 Modouuici,
449 2491 541 2550 modo
560 2490 643 2548 unici

233 2572 323 2653 Super
344 2577 484 2637 micatis
507 2575 646 2647 adiuvare,
669 2593 721 2634 oc-

233 2662 344 2722 -ciditez
367 2664 446 2721 ferte
467 2680 555 2737 opem
576 2662 627 2718 mi.

233 2742 280 2804 Ch.
323 2749 416 2808 Boua
434 2747 540 2805 verba:
560 2764 599 2803 ne
618 2744 730 2802 malum
752 2742 923 2800 resarciens
944 2743 1033 2814 malo,

232 2828 339 2892 Maiora
361 2832 443 2890 tristi
463 2832 573 2888 damna
592 2831 709 2887 iactura
729 2828 826 2885 effice.

537 2916 565 2973 2.
588 2915 719 2991 Stropha
740 2913 825 2971 IIII.

232 2999 274 3056 Ai.
314 3002 383 3079 Ego
405 2999 457 3058 ille
479 3018 559 3071 acer,
577 3000 631 3057 ille
652 2997 753 3070 fortis,
775 2998 860 3054 ferox

232 3079 339 3159 Duelli,
361 3094 451 3160 atque
471 3085 580 3161 praelii
600 3084 765 3142 interritus.

231 3165 379 3230 Pecudum
399 3171 431 3227 in
453 3169 606 3227 imbecille
625 3169 731 3246 volgus
755 3188 821 3227 ruo.

232 3250 324 3314 Pudet
346 3255 500 3313 cachinni:
526 3254 722 3312 contumeliae
743 3254 847 3330 pudet.

233 3335 299 3398 Teo.
343 3341 430 3398 Haec
448 3339 543 3396 verba
562 3339 631 3411 fari,
652 3339 786 3412 domiue,
809 3335 1041 3412 compendiface.

233 3423 276 3481 Αἰ.
313 3424 446 3484 Excede.
469 3423 623 3483 cessasii
647 3424 780 3482 dierecta
799 3423 893 3481 foras.

232 3501 278 3565 He
301 3511 369 3569 heu.
392 3511 431 3567 he
446 3509 521 3567 heui

235 3587 284 3651 Ch.
323 3595 460 3667 Desiste,
481 3594 598 3665 amabo,
622 3611 677 3668 per
696 3592 793 3649 Deos.
815 3589 854 3648 ad
872 3597 902 3648 te
923 3589 997 3648 redi.

564 3678 593 3735 3.
616 3677 746 3752 Strophc
770 3675 804 3735 V.

234 3760 278 3817 Αἰ.
319 3763 391 3822 Heu
412 3782 460 3820 me
484 3762 643 3821 miserum!
663 3780 754 3818 manu

234 3839 370 3909 Remisse
390 3868 438 3906 me
459 3848 517 3908 hos
540 3864 742 3920 sacerrumoe,
