3000 4725
598 600 750 693 -ειι-

233 772 388 831 Menelaus.
428 770 514 830 Heus
528 771 661 829 torulo:
681 766 763 828 istud
781 767 920 824 menibus
935 764 1045 825 efferas
1059 782 1131 825 cave

233 856 298 915 Tuis
317 857 458 915 cadaver:
482 874 584 915 verum
605 866 638 913 ut
661 862 719 925 est,
742 852 868 910 missum
890 852 967 910 fece.

232 940 297 1003 Teu.
341 941 441 1015 Quoia
461 941 522 999 iste
544 942 637 999 verbe
659 937 815 996 funditesti
834 936 952 1013 gratio?

231 1026 302 1084 Men.
340 1027 446 1087 Visum
468 1024 552 1097 mihi,
572 1033 602 1083 ει
623 1024 671 1082 cui
694 1028 782 1100 paret
796 1022 865 1097 ipse
887 1022 1047 1080 exercitus.
1116 1022 1202 1096 ⁴1050

232 1110 299 1170 Teu.
342 1111 431 1187 Quod
452 1128 563 1169 nomeu
582 1109 634 1169 isti
657 1109 702 1167 rei
725 1106 933 1184 praetexitur?

230 1196 303 1254 Men.
338 1197 430 1272 Quod
453 1214 542 1272 quem
562 1195 667 1272 putavi
691 1193 789 1251 eduxe
810 1191 909 1269 patrio
929 1190 1017 1250 domo

230 1282 357 1339 Amicum
378 1280 515 1353 Achivis,
534 1280 639 1337 auxilii
660 1277 821 1348 fidissumi,

230 1364 402 1443 Deprensus
427 1366 480 1423 ille
501 1364 673 1443 Phrygibus
696 1370 743 1421 est
765 1360 925 1420 inimicior.

232 1448 308 1511 Totis
331 1452 451 1511 stativis
470 1469 597 1525 nemque
617 1448 746 1525 moliens
769 1464 874 1505 necem
1138 1437 1204 1494 1⁰55

231 1532 460 1611 Impressionem
479 1543 580 1607 nocte,
602 1542 634 1591 ut
654 1532 780 1604 occidat,
802 1531 884 1589 fucit.

233 1619 313 1695 Quod
334 1623 365 1680 ni
388 1622 488 1680 Deum
510 1619 619 1694 aliquis
641 1619 782 1693 impetum
804 1617 988 1687 intercepset
1005 1610 1095 1683 hunc,
1156 1639 1158 1648 >

233 1704 339 1765 Omnes
365 1708 404 1765 od
425 1724 516 1769 unum
538 1723 592 1763 nos
614 1703 732 1779 quidem
750 1702 834 1759 illius
856 1700 951 1759 vicem

232 1786 415 1851 Interneoivo
437 1791 543 1848 funere
566 1787 807 1865 expositiillico

233 1872 385 1950 Essemus,
417 1883 465 1935 est
490 1876 515 1933 is
538 1875 661 1933 viveret.
684 1891 788 1929 verum
809 1869 896 1927 Deus
1142 1861 1209 1916 106⁰

232 1956 369 2022 Hominis
392 1962 527 2019 furorem
547 1958 655 2017 evertit
678 1958 708 2013 in
731 1974 838 2031 pecua,
862 1960 893 2009 et
912 1967 1028 2029 greges.

232 2040 325 2105 Nemo
348 2066 422 2124 crgo
444 2045 536 2103 tantis
559 2044 674 2102 viribus
695 2037 815 2117 pollens
837 2039 929 2096 homo

233 2126 357 2205 Existat,
383 2132 469 2189 illum
492 2129 620 2187 condere
645 2134 677 2185 ut
699 2125 815 2183 tumulo
839 2121 957 2180 eudeet.

233 2210 388 2275 Proiectus
411 2216 522 2274 etenim
546 2215 642 2272 flavae
666 2229 778 2269 arenae
797 2209 899 2267 littore

235 2295 476 2361 Circummarinis
499 2298 642 2377 pabulum
668 2297 791 2356 alitibus
816 2295 889 2351 fuet.
1146 2293 1212 2351 1065

234 2381 278 2443 Ne
300 2388 339 2446 ed
361 2389 438 2445 haec
463 2385 610 2462 superbos
630 2383 702 2440 tolle
725 2381 851 2440 nimium
873 2376 1008 2454 spiritus.

236 2466 308 2531 Nem
333 2474 360 2533 si
382 2489 489 2530 monus
511 2470 553 2527 nil
573 2468 670 2545 potuit
688 2469 719 2524 in
738 2466 839 2524 vivum
861 2481 941 2534 mee,

236 2553 268 2612 Iu
287 2567 440 2617 mortuum
462 2574 534 2632 ergo
555 2553 673 2631 poterit.
695 2552 785 2609 etiem
804 2547 943 2626 ingratiis

237 2636 301 2699 Vim
322 2643 445 2714 faciam,
466 2641 518 2698 ubi
539 2639 566 2698 is
590 2657 623 2698 se
647 2654 824 2713 comparare
848 2631 953 2702 noluit,

236 2723 403 2806 Praecepto
424 2727 511 2785 vivus
534 2733 567 2782 ut
593 2728 769 2798 capesseret
788 2736 865 2775 mee.
1149 2719 1215 2778 1070

239 2807 422 2890 Quamquam
443 2810 518 2868 illud
537 2808 630 2866 animi
650 2814 698 2865 εει
717 2802 859 2878 improbi,
878 2796 1042 2873 cumplebs
1054 2793 1146 2851 homo

238 2891 346 2958 Parere
370 2898 414 2956 nil
434 2913 467 2955 se
487 2894 624 2972 postulet
645 2890 829 2948 melioribus.

238 2977 315 3040 Nem
338 2992 445 3044 sancto
463 2982 530 3038 iura
543 2995 712 3056 ¹perperam
736 2992 771 3032 uc
793 2973 878 3049 leges
901 2967 1004 3044 vigent

240 3063 273 3124 In
296 3071 383 3141 urbe,
406 3067 453 3126 cui
476 3085 538 3124 non
562 3069 679 3122 constat
701 3058 842 3134 obsequii
865 3053 983 3114 modus.

240 3147 430 3228 Exercitique
452 3151 536 3209 nullu
557 3156 627 3207 sunt
648 3143 868 3212 moderamine,
1153 3143 1218 3200 1075

243 3232 296 3296 Cui
316 3239 400 3298 nulla
420 3238 467 3296 vis
488 3243 535 3294 est
557 3252 613 3291 nec
633 3231 768 3309 pudoris,
795 3245 851 3284 nec
872 3230 979 3281 metus.

244 3317 302 3381 Sed
324 3322 436 3398 siquis
462 3337 589 3395 usquam
612 3325 659 3377 est
679 3315 756 3374 mole
780 3316 933 3370 cremento
951 3314 1078 3379 artuum,

243 3401 273 3464 Is
294 3427 383 3468 ruere
406 3426 476 3466 sese
499 3411 602 3482 speret
622 3411 653 3460 ει
674 3401 800 3459 minimo
822 3395 910 3454 melo.

244 3487 322 3551 Nem
341 3493 393 3569 qui
414 3491 527 3550 timoris
549 3497 578 3547 et
597 3486 723 3564 pudoris
746 3499 870 3558 compos
894 3484 951 3550 est,

245 3571 334 3638 Hunc
355 3595 446 3655 posse
467 3595 556 3652 spere
574 3572 719 3648 sospitem
742 3566 920 3626 consistere.
1155 3568 1222 3622 1080

248 3655 306 3720 Sed
328 3663 380 3722 ubi
402 3661 526 3720 lieentia
547 3657 645 3716 omnis
666 3663 713 3716 est
732 3652 878 3710 iniuriae:

248 3741 333 3807 Tunc
352 3757 383 3806 et
404 3753 514 3806 statum
540 3743 623 3802 urbis
646 3737 805 3817 postmodo
823 3733 944 3793 tandem
965 3729 1048 3788 illius

251 3827 345 3896 Cursu
366 3852 383 3892 e
406 3830 536 3892 secundo
557 3845 683 3906 pessum
703 3825 812 3882 iturum
836 3817 986 3886 existima.
