3000 4725
703 582 852 675 ji„

364 748 398 810 Si
419 757 550 807 mentem
576 747 698 825 capiunt
721 750 777 809 illa
794 751 843 809 vel
863 751 919 809 illa
939 760 1030 809 tuam.

320 834 419 907 Felix,
441 834 493 910 qui
512 832 620 891 faciles
642 834 775 894 traducis
798 845 917 911 pectore
938 855 1043 908 curas3

364 919 497 995 Otiaque
518 919 548 976 in
571 926 675 976 tenera
697 928 804 979 sancta
825 921 925 997 quiete
948 921 1031 981 colis.

321 1004 444 1063 Vivacis
468 1003 515 1060 cui
536 1003 617 1061 dona
637 1004 803 1063 indelibata
828 1014 969 1067 senectae

364 1087 498 1164 Spondet
516 1088 667 1147 inoffenso
689 1099 786 1148 tracta
806 1099 909 1148 tenore
930 1091 1024 1149 salus.

322 1175 419 1250 Quem
440 1193 502 1231 non
525 1172 588 1229 ulla
609 1175 689 1233 malo
711 1175 798 1232 labes
822 1175 949 1233 tentavit
969 1184 1069 1250 acuto,

365 1258 438 1316 Non
458 1257 521 1316 ulla
542 1258 657 1315 afflavit
676 1260 723 1317 vis
744 1259 867 1317 inimica
888 1260 970 1317 mali.

321 1348 362 1403 At
384 1344 458 1400 mihi
477 1351 656 1419 perpetuum
679 1344 869 1404 mordacibus
892 1345 986 1402 anxia
1005 1346 1098 1417 curis,

363 1427 432 1485 Nec
454 1429 521 1486 sine
545 1428 675 1486 sollicito
696 1428 814 1487 ducitur
837 1430 913 1487 hora
935 1438 1031 1488 metu:

322 1511 419 1586 Quem
441 1521 577 1571 monstro
596 1524 743 1590 prognata
763 1513 841 1585 lues,
866 1534 943 1589 quae
962 1514 1058 1573 limite
1081 1524 1165 1575 certo

366 1596 501 1670 Quatuor
523 1598 654 1657 alternos
678 1598 760 1673 itque
782 1599 917 1673 reditque
940 1600 1017 1672 dies,
1124 1603 1132 1620 ‘

323 1683 464 1755 Obsides
488 1690 518 1740 et
538 1684 630 1741 tacita
647 1683 812 1759 populatur
833 1691 919 1758 peste
940 1683 1100 1743 medullas.

364 1768 425 1826 Hei
448 1768 532 1839 mihi,
556 1768 634 1841 qnod
653 1768 805 1842 loquimur
826 1770 920 1826 verba
939 1770 1055 1827 minora
1074 1771 1170 1829 maloi

322 1852 390 1910 Nec
411 1861 539 1928 possunt
559 1852 637 1930 elegi
658 1854 736 1911 vivis
760 1873 931 1929 proponere
951 1862 1071 1929 pestem

365 1936 525 1997 Sensibus.
548 1937 710 2013 altiloquae
731 1957 782 1996 res
805 1948 870 1995 erat
892 1939 954 1997 ista
969 1939 1066 2016 lyrae.

323 2022 375 2083 Sic
396 2041 444 2079 me
464 2022 531 2078 iniit
548 2022 671 2093 victrix3
697 2023 741 2081 sic
762 2042 812 2079 me
830 2023 971 2097 spoliavit
993 2025 1157 2083 inermem:

366 2105 418 2166 Sic
440 2106 477 2165 de
499 2125 548 2163 rue
571 2107 662 2167 celsis
683 2107 745 2164 alta
762 2107 927 2183 triumphat
947 2108 1043 2182 equis.

322 2190 390 2251 Nec
410 2191 484 2247 mihi
505 2191 659 2249 sufficiunt
679 2199 797 2250 veteres
817 2192 850 2248 in
872 2210 994 2267 corpore
1017 2194 1115 2253 viras:

365 2275 433 2334 Nec
454 2294 511 2351 pes
533 2295 641 2335 munus
665 2277 738 2349 obit,
761 2294 817 2333 nec
838 2296 947 2335 manus
969 2277 1033 2335 ulla
1053 2297 1150 2337 suurn.

324 2362 386 2424 Sed
408 2381 485 2434 sum,
509 2362 586 2437 quod
606 2363 705 2421 ventis
728 2361 968 2421 debet'ludibria
986 2364 1120 2440 pondus3

363 2448 403 2505 Et
426 2446 503 2520 quod
527 2466 604 2504 onus
627 2447 732 2523 primis
757 2447 879 2505 flatibus
903 2467 978 2506 aura
997 2448 1089 2508 levat.

323 2535 372 2590 Me
396 2551 459 2590 non
480 2531 544 2588 ulla
565 2532 649 2590 iuvat
670 2531 806 2590 Cerealis
832 2532 930 2610 gratia
949 2534 1066 2603 foetus3

366 2615 501 2675 Gnossia
522 2635 578 2674 nee
599 2617 710 2675 veteris
737 2625 824 2694 grata
845 2618 943 2676 saliva
964 2619 1049 2676 meri.

325 2701 437 2762 Omnia
459 2699 642 2760 Cerbereum
659 2702 777 2779 spirant
799 2701 873 2759 mihi
892 2704 989 2760 noxia
1010 2704 1109 2773 virus3

368 2787 481 2847 Omnia
500 2796 570 2844 sunt
591 2787 637 2847 ori
658 2788 728 2845 trita
748 2806 866 2845 venena
885 2804 964 2846 meo.

324 2871 404 2945 Quid
422 2871 525 2929 ieiuna
547 2872 652 2947 loquar
674 2872 761 2930 diluti
782 2874 884 2930 taedia
905 2871 1035 2949 gustus?

367 2957 489 3031 Oraque
511 2977 571 3014 non
591 2975 723 3032 unquam
747 2958 830 3015 sicca
849 2957 965 3032 liquore
990 2955 1065 3015 suoi

324 3041 404 3116 Quid
422 3042 586 3100 matutinae
606 3043 730 3102 fastidia
750 3043 835 3100 lenta
858 3041 993 3100 salivae?

366 3127 517 3186 Hostibus
540 3129 659 3186 eveniat
681 3129 721 3184 ah
745 3146 837 3202 sapor
857 3127 910 3184 ille
927 3127 1019 3184 meisi

325 3211 404 3285 Quid
440 3213 624 3270 stomachum
658 3231 783 3271 exesum
819 3211 1026 3285 stomachique
1060 3210 1225 3270 inamabile

1007 3296 1154 3354 murmuri

366 3381 408 3438 Et
426 3399 577 3455 nunquam
601 3381 640 3439 ad
661 3382 791 3458 gemitus
812 3389 937 3457 pectora
961 3388 1044 3438 muta
1067 3381 1164 3439 suosl

325 3463 401 3524 Cum
422 3467 544 3543 gravior
563 3466 657 3524 fundo
681 3467 807 3526 veniens
829 3474 990 3524 exaestuat
1005 3465 1066 3522 imo

369 3549 513 3627 Spiritus,
535 3559 565 3609 et
587 3553 690 3610 fauces
713 3553 808 3610 tussis
831 3551 941 3609 anhela
961 3549 1066 3624 quatit.

326 3636 405 3710 Quid
426 3643 574 3695 nocturna
594 3636 693 3695 modis
712 3637 867 3694 insomnia
888 3634 1008 3692 turbida
1025 3633 1132 3691 miris?

369 3720 512 3797 Quasque
535 3722 609 3780 mihi
628 3721 759 3780 intentat
783 3720 891 3780 mortis
913 3721 1012 3795 imago
1033 3717 1156 3777 minas?

326 3807 453 3880 Inane,
476 3825 583 3882 meque
604 3805 674 3864 iube
696 3808 851 3866 Musarum
874 3821 1054 3881 expromere
1077 3804 1190 3876 foetus,
