3000 4725
665 648 705 707 67

266 819 369 892 Atque
392 816 477 895 gravi
496 836 596 875 rerum
619 819 703 878 fasce
721 817 826 876 levare
847 836 962 877 senem.

225 904 265 963 Et
283 903 341 960 tibi
365 922 429 961 non
451 902 577 959 deerant
598 904 667 963 istis
689 904 766 963 sotis
788 903 893 979 ampla
913 904 1054 981 gerendis

264 987 439 1059 Praesidio,
458 996 490 1045 ct
510 996 650 1062 poterant
669 990 745 1047 haec
769 1005 846 1045 onus
870 1007 947 1047 esse·
961 997 1054 1048 tuum.

225 1072 304 1131 Nam
325 1072 382 1130 tibi
404 1073 451 1131 vis
472 1072 615 1147 prudens,
640 1082 669 1131 et
688 1092 791 1131 rerum
810 1073 962 1133 maximus
984 1093 1070 1147 usus,

264 1156 306 1216 Et
330 1156 474 1234 gravibus
496 1157 576 1216 curis
597 1158 670 1216 utile
688 1166 794 1234 pectus
815 1166 889 1215 erat.

224 1242 306 1317 Quas
330 1242 415 1300 dotes
438 1261 497 1299 uuo
518 1242 627 1301 clausit
646 1262 725 1301 mors
747 1244 835 1319 nigra
855 1241 980 1315 feretro,

263 1330 311 1385 Ac
335 1345 439 1385 secum
458 1326 560 1385 Patris
583 1335 709 1402 votoque
730 1345 876 1404 spemque
897 1327 975 1384 tulit.

223 1416 355 1483 Atros,
378 1432 395 1469 o
417 1429 570 1488 proceres,
592 1412 690 1485 caelo,
713 1412 766 1489 pia
787 1413 875 1470 turbe
894 1420 1025 1487 recepto,

262 1495 463 1571 Principibus
484 1496 592 1571 quibus
614 1506 662 1557 est
683 1495 775 1557 Curia
791 1504 875 1555 recta
892 1496 979 1568 viris,

223 1582 316 1640 Alma
341 1581 450 1657 quibus
473 1581 584 1657 pictos,
608 1591 638 1640 et
660 1581 907 1641 servantissimus
928 1581 1018 1655 aequi

264 1665 399 1742 Semper
421 1684 507 1725 amor
526 1667 647 1725 facilem
669 1667 740 1725 fecit
761 1667 800 1724 ad
820 1674 905 1724 astra
924 1666 1018 1723 viam:

222 1752 365 1829 Accipite
383 1752 462 1809 hanc
485 1752 626 1811 animum.
650 1772 712 1828 non
735 1761 783 1811 est
802 1769 840 1809 ca
859 1751 984 1809 conscia
1003 1748 1120 1823 culpae.

262 1837 435 1894 Immatura
454 1836 493 1893 ud
513 1856 569 1895 vos
595 1837 711 1895 venerit
731 1836 786 1894 illa
806 1835 887 1907 licet,

222 1921 372 1997 Accipite.
393 1920 430 1977 Iu
454 1922 543 1980 terris
564 1940 706 1999 magnum
727 1940 833 1998 regere
852 1919 907 1977 illa
929 1917 1074 1979 Senatum

260 2004 391 2064 Debuit.
409 2005 442 2061 in
464 2025 574 2083 magno
600 2025 653 2066 vos
674 2014 761 2085 reget
781 2006 835 2063 illa
855 2004 939 2081 polo.

296 2177 327 2233 3.
372 2176 537 2251 Epiccdioa
557 2176 678 2233 Hearict
702 2174 836 2233 Castunci
857 2173 1002 2231 Ladcoici
1023 2176 1060 2234 F.

223 2259 405 2334 Quicunque
426 2260 591 2319 immensos
613 2259 726 2318 moliris
751 2267 852 2317 mente
870 2258 1051 2335 triumphos,

222 2346 351 2406 Absiste
373 2345 492 2406 insanis
515 2345 607 2421 (vana
628 2352 675 2404 est
697 2345 821 2421 fiducia)
843 2344 970 2420 caeptis.

222 2430 360 2505 Quisque
381 2449 453 2490 suas
476 2449 617 2508 urgemus
640 2449 730 2507 opes:
750 2449 806 2506 spe
828 2429 964 2489 maxima
983 2430 1064 2488 facta

221 2515 443 2592 Praecipimus.
466 2534 545 2574 mors
567 2524 633 2573 atra
653 2515 748 2592 nigris
770 2515 963 2573 circumvolat
981 2515 1050 2588 alis,

222 2601 260 2659 Et
281 2619 376 2658 cursu
397 2600 429 2658 in
451 2601 551 2658 medio
572 2608 640 2658 vota
661 2599 839 2676 imperfecta
858 2607 997 2657 moratur.

222 2685 268 2743 En
290 2685 380 2742 modo
402 2704 491 2760 quem
514 2685 651 2744 sublimis
673 2703 762 2760 apex,
782 2703 871 2760 quem
892 2685 974 2741 clara
995 2686 1138 2745 manebat

223 2769 346 2842 Gloria,
366 2770 417 2844 qui
439 2770 533 2848 gestis
556 2770 647 2828 modo
668 2771 771 2841 rebus,
794 2777 824 2826 et
844 2770 944 2827 indole
966 2769 1065 2844 prime

224 2853 407 2914 Cunctorum
431 2855 532 2914 studia
551 2865 580 2913 et
602 2873 674 2931 spes
693 2853 876 2912 incendebat
895 2853 1015 2925 inanes,

222 2939 382 3015 Exeqnias
405 2940 499 2997 fertur
518 2940 648 3012 iuvenis,
667 2939 871 3013 lacrimasque
891 2956 1025 3009 suorum,

223 3024 262 3082 Et
284 3023 342 3082 feti
359 3025 504 3082 invidiam
529 3043 631 3083 secum
651 3024 751 3091 trahit.
774 3023 886 3099 Aspice
908 3030 1019 3096 quonto

224 3107 369 3168 Defertur
390 3110 533 3168 comitum
551 3110 673 3187 gemitu,
696 3117 809 3184 quanto
833 3107 952 3184 agmine
973 3126 1113 3184 pompae.

225 3193 294 3252 Heu
314 3193 396 3253 bello
420 3203 601 3271 properatus
619 3195 732 3265 honos,
748 3201 779 3250 et
793 3193 917 3269 puberis
940 3193 1008 3250 aevi

226 3278 345 3338 Tristes
366 3279 533 3355 primitiaet
563 3279 663 3338 Nimis
685 3278 835 3338 infoelicis
857 3278 965 3351 ephebi

225 3363 301 3423 Visa
320 3372 427 3438 potens
449 3365 554 3436 virtus,
578 3364 669 3422 vitam
689 3364 716 3422 si
734 3365 799 3421 fata
820 3361 983 3422 dedissent

226 3447 316 3506 Nunc
335 3467 423 3523 quem
444 3467 512 3508 sera
533 3467 637 3508 senem
659 3449 788 3507 debebat
809 3447 913 3504 laurea
935 3445 1031 3518 caelo,

226 3532 360 3591 Abstulit
382 3541 452 3591 snte
475 3534 565 3605 diem,
588 3551 645 3592 nec
664 3534 758 3610 longo
779 3542 917 3613 tempore
930 3532 1039 3591 fortem

226 3616 327 3676 Passa
349 3617 409 3676 frui
427 3619 577 3690 iuvenem,
597 3637 674 3692 quos
696 3637 750 3692 spe
764 3623 1010 3693 praesumpserat
1027 3634 1133 3688 annos,

226 3704 271 3760 Ao
289 3703 409 3779 generis
431 3704 533 3762 titulos
553 3703 643 3761 claris
666 3703 833 3760 extendere
856 3701 955 3773 factis,

229 3783 262 3845 Si
281 3787 436 3863 proprium
460 3789 552 3846 decus
573 3789 632 3846 hoc
651 3786 822 3846 voluissent
842 3805 912 3845 esse
932 3803 1069 3858 severae,

229 3869 314 3946 Quae
334 3872 411 3932 fusis
431 3873 582 3934 hominum
601 3873 783 3949 dispensant
803 3872 877 3944 fate,
900 3869 1034 3930 Sorores.

894 3965 939 4026 ⁵0
