3000 4725
772 626 924 722 *ffl—

390 789 429 876 ἤν
449 790 489 875 ῥὰ
509 790 714 873 παλαμναίων
734 791 907 875 άλιτήματα
928 796 987 854 τῶν
1005 792 1074 876 πρὶν
1100 792 1230 877 ὑπερβὰς

435 875 546 951 δειλδς,
569 874 600 936 ἐν
624 871 649 960 ᾧ
671 877 706 938 τὸ
727 877 824 938 πάλαι
842 874 962 958 πλάσμ’
984 876 1084 960 ἐφάνη
1108 877 1237 944 κόλασις.

395 1045 478 1118 15,8.
502 1042 661 1106 Λευκανοῦ
686 1043 718 1105 σ’
743 1043 866 1127 ἄρκτοιο
890 1044 1080 1113 διασπῶντος
1102 1046 1240 1129 μελεϊστὶ,

434 1130 477 1195 (υς
498 1126 603 1212 εῦχοι’
628 1127 663 1191 ἄν
689 1126 782 1213 ἔχειν,
805 1128 953 1206 Δαίδαλε,
974 1127 1012 1190 τὰ
1030 1131 1131 1212 πτερὰ
1149 1135 1216 1192 σοῦ.

394 1297 501 1370 15,21.
525 1295 557 1357 εἴ
574 1318 601 1357 τι
622 1293 698 1378 παρ’
715 1293 855 1380 Ὀρφείῳ
870 1293 1011 1380 Ῥοδόπη
1035 1297 1142 1380 θηεῖτο
1159 1299 1277 1382 θεάτρῳ,

432 1383 492 1442 πᾶν
516 1381 574 1454 σοὶ,
596 1377 730 1464 Καῖσαρ,
755 1381 829 1443 ἰδεῖν
852 1382 934 1443 δῶκε
956 1382 1148 1465 κυνηγέσιον.

391 1463 488 1548 οῦρεα
506 1465 626 1547 κινήθη,
647 1464 698 1526 καὶ
722 1466 846 1527 δάσκιον
871 1463 1004 1549 ἔδραμεν
1027 1465 1133 1544 ἄλσος,

434 1547 501 1611 οἷον,
523 1546 576 1630 ἔην
598 1547 737 1632 Νυμφῶν
757 1546 945 1632 Ἑσπερίδων
964 1551 1099 1632 τέμενος.

390 1635 476 1717 φῦλα
494 1637 595 1717 παρῆν
622 1633 727 1716 θηρῶν
753 1633 934 1717 ἀναμίγδην,
954 1636 1006 1696 καὶ
1031 1636 1107 1717 βοτὰ
1126 1637 1232 1708 πάντα,

431 1719 531 1800 πτηνά
554 1719 586 1780 δ’
608 1715 722 1800 ὕπερθ’
747 1716 834 1801 ιμ’δοῦ
855 1721 972 1799 κρατδςι
988 1719 1131 1802 ἐπηῦρια.

390 1801 472 1864 ἀλλὰ
497 1801 699 1870 διασπασθεὶς
721 1803 779 1864 ὑπὸ
804 1801 914 1885 νηλέος
934 1802 1045 1886 ἄρκτου
1067 1803 1176 1867 ἔκειτο.

433 1909 455 1970 χ
463 1884 470 1904 ’
492 1889 536 1954 ῦς
556 1884 624 1948 τόδ’
648 1886 765 1969 ἀληθὲς
785 1884 850 1969 ἔην,
874 1890 917 1955 ὣς
931 1887 1003 1951 τόδε
1026 1891 1163 1952 πλαστὸν
1183 1885 1247 1972 ἔφυ.

393 2056 480 2128 15,ῦ.
503 2052 667 2138 Πασιφάην
689 2053 867 2118 πιστεῦσατ’
889 2055 1076 2138 ὀπυιομένην
1101 2057 1160 2120 ὑπὸ
1179 2055 1279 2139 ταῦροι.

433 2136 598 2220 δέργμεθοι.
622 2138 763 2222 πιστώθη
783 2141 911 2222 πλάσμα
931 2139 1156 2223 παλαιγενέων.

390 2223 431 2305 μή
455 2245 482 2284 τι
504 2221 625 2305 χρόνων
648 2225 777 2299 πολιῶν,
802 2221 935 2306 Καῖσαρ,
964 2225 1115 2308 καύχημα
1133 2223 1265 2308 γενέσθω.

433 2305 512 2369 ὅσσα
533 2307 621 2391 φάτις
640 2306 779 2391 θρυλλεῒ,
804 2313 868 2371 σεῖο
887 2309 1019 2393 θέατρον
1041 2308 1118 2395 ἔχει.

390 2478 498 2549 ,ίῦ,16.
523 2474 584 2537 ῦττι
604 2476 738 2561 διηέριος
756 2480 846 2561 γαίης
868 2478 928 2542 ἄπο
948 2482 1061 2560 ταῦρος
1079 2478 1211 2563 ἀνήχθη,

433 2558 491 2621 οὐκ
513 2558 600 2643 ἔργον
621 2560 740 2646 τέχνης,
767 2562 909 2647 εῦσεβίης
930 2564 965 2625 δὲ
986 2562 1073 2624 πέλε.

388 2640 542 2729 Εὐρώπην
567 2650 679 2728 ταῦρος
701 2647 992 2731 διαπορθμεύσασκε
1016 2648 1056 2709 δι’
1083 2648 1197 2730 ἅλμης·

429 2728 593 2812 Ἀλκείδην
619 2728 732 2815 ταῦρος
749 2733 800 2794 καὶ
823 2732 978 2815 μετέωρον
1003 2731 1080 2814 ἄγει.

389 2809 549 2896 Καίσαρος
569 2815 716 2898 ἀλλήλοιν
734 2816 839 2900 ταύρω
866 2817 1025 2899 σῦμβαλλε
1043 2816 1116 2884 Διδς
1136 2839 1183 2879 τε·

431 2897 462 2959 κ’
484 2900 520 2982 ἣν
547 2899 641 2983 βάρος
659 2900 725 2963 ἴσον
746 2899 869 2985 ἄραιτ’,
889 2900 963 2985 ἦρεν
988 2901 1037 2964 ὅδ’
1063 2900 1205 2985 ὑψιτέρω.

389 3070 475 3145 m.
499 3067 613 3153 ἐχθρὸς
626 3069 875 3153 ἀπραγμοσύνης,
890 3070 1032 3153 ῥᾳστώνη
1044 3071 1142 3151 δῆμος
1154 3065 1274 3153 ἀπεχθὴς,

432 3151 609 3237 δυστυχέων
632 3155 770 3220 κτεάνοις
792 3154 834 3215 ὢν
858 3154 1022 3239 ἐπίβουλος
1034 3155 1091 3216 -ἀεὶ

389 3232 570 3304 Γαιτοῦλυις
593 3236 734 3301 δέδοται·
754 3238 788 3299 τὸ
813 3238 944 3322 θέατρον
966 3238 999 3301 δ)
1018 3237 1056 3299 οῦ
1070 3262 1132 3321 σφε
1151 3235 1273 3323 κεχάνδει

430 3317 544 3383 Κάστιν
567 3324 582 3385 ὁ
609 3324 753 3406 μηνυτὴς,
775 3322 810 3389 ὃς
832 3323 1019 3406 φυγάδευσε,
1043 3325 1152 3409 φυγάς.

391 3490 439 3564 15,
451 3491 496 3550 4¹³·
513 3486 903 3576 ἐνδείκτηςῬώμητφυγᾶς
912 3490 1038 3554 ἔκπεσε·
1051 3494 1111 3559 πᾶς
1120 3492 1163 3559 τὶς
1173 3489 1272 3553 ἄνακτος

431 3573 757 3656 άντιλογιζέσθωταῖς
778 3576 944 3639 δαπάναισι
965 3577 1042 3661 βίον.
1131 3624 1134 3627 .

390 3744 439 3817 15,
450 3746 478 3803 3.
503 3742 557 3803 καὶ
569 3741 599 3803 τί
606 3740 695 3806 τόσον
707 3746 870 3827 τηλουρὸν,
883 3707 1188 3829 ἄνᾶξ,καὶβάρβαρον
1197 3737 1269 3805 ἔθνος,

431 3826 462 3897 ἐξ
484 3826 556 3889 ὅτου
581 3826 641 3912 οῦχ
665 3828 757 3914 ἵστωρ
782 3829 814 3898 ἐς
833 3831 902 3892 τεὸν
926 3828 1000 3891 ἄστυ
1023 3833 1143 3913 παρῆν;
