3000 4725
649 628 711 687 315

224 795 338 855 Deinde
363 795 637 875 semper-virgines
660 816 752 875 prece
769 797 891 869 invoco,

224 882 306 957 Quae
326 901 455 960 semper
473 882 629 940 intuentur
647 883 794 940 humanas
817 882 911 954 vices,

224 964 349 1026 Sanctus
371 967 508 1025 Dearum
528 976 688 1045 praepetes
708 968 832 1026 Furias:
856 967 965 1039 sciant,

223 1050 270 1110 Uti
290 1070 345 1110 me·
361 1052 492 1110 Atridae
511 1052 666 1129 principes
692 1051 817 1130 adigunt
836 1052 923 1110 mori.

221 1135 343 1211 anque
365 1138 400 1196 in
421 1137 546 1195 exitium
567 1137 704 1195 ultimum
724 1137 821 1195 malos
843 1137 922 1195 male

222 1219 364 1297 Rapiant.
388 1231 430 1295 et,
452 1230 485 1280 ut
505 1240 555 1279 me
575 1242 646 1281 mox
670 1224 834 1281 tuebuntur
856 1240 925 1281 mea

223 1302 351 1365 Cassum
377 1326 472 1365 manu
492 1308 603 1380 iacere,
627 1307 671 1366 sic
693 1307 852 1383 nepotibus

221 1388 338 1450 Poenas
363 1392 499 1451 nefanda
521 1393 613 1450 caede
634 1393 786 1469 postumia
809 1392 903 1449 luant.

222 1476 320 1552 Agite,
343 1477 389 1534 ite
414 1477 540 1549 colerae,
564 1476 606 1535 ite
628 1478 738 1537 Furiae
757 1476 903 1535 vindices.

224 1557 352 1619 'lentate
375 1561 482 1639 volgus
504 1580 603 1635 omne,
626 1582 664 1620 ne
687 1562 881 1639 comperuite.

225 1641 282 1718 Sol,
303 1648 358 1722 qui
383 1665 529 1723 suprema
547 1647 663 1723 templa
683 1646 829 1705 curriculo
849 1646 925 1706 citus

223 1727 363 1806 Lustras,
385 1740 533 1809 paternae
555 1731 703 1791 institeris
725 1740 759 1790 nt
778 1739 875 1789 terrae
897 1750 983 1789 meae

225 1810 379 1893 Strigans,
403 1834 564 1892 parumper
582 1818 686 1875 inhibe
709 1817 844 1875 habenas
866 1834 973 1875 aureas

224 1896 367 1976 Utrisque
391 1902 512 1960 miseris
535 1900 626 1962 funus
649 1922 684 1959 ac
705 1918 796 1960 casus
816 1918 902 1959 meos

224 1986 329 2044 Aetate
347 2006 428 2044 cana
450 1986 560 2044 nuncia
581 1988 767 2062 parentibus

224 2066 280 2127 Ubi
301 2072 390 2130 fama
413 2072 543 2131 miserae
564 2073 667 2131 matris
692 2089 780 2131 aures
802 2070 927 2143 accidet,

225 2152 333 2214 Totam
356 2175 414 2232 per
435 2157 540 2214 urbem
564 2157 702 2230 ululabit,
727 2156 897 2215 eiulabitur.

225 2235 288 2297 Nec
310 2242 430 2299 fructus
451 2259 561 2317 operae
583 2251 631 2301 est
650 2243 710 2301 ista
730 2245 843 2301 frustra
864 2240 1013 2314 conqueri.

225 2325 298 2402 Age,
323 2325 506 2386 ordiendum
529 2332 577 2384 est
600 2328 719 2388 facinus
743 2334 874 2386 actutum
896 2325 979 2383 mihi.

227 2407 252 2466 0
273 2431 357 2471 mors
383 2431 449 2489 age,
469 2431 485 2469 o
509 2429 589 2472 mors
610 2433 677 2492 age,
698 2415 780 2487 veni,
811 2431 846 2470 ac
866 2431 914 2470 me
936 2411 1036 2469 visita.

227 2490 407 2573 Quanquam
429 2497 605 2572 alloquendi
627 2508 746 2576 tempus
771 2497 844 2558 olim
865 2497 922 2554 erit
942 2497 1027 2556 satis.
1142 2496 1191 2549 85⁹

228 2575 269 2636 Te
290 2582 373 2643 lucis
394 2582 492 2640 almae
512 2583 770 2643 candidissumum
792 2583 894 2640 iubar:

228 2660 280 2739 Te,
304 2669 366 2742 sol,
391 2675 421 2724 et
443 2666 541 2723 almae
562 2667 639 2727 lucis
663 2669 800 2746 aurigam
823 2666 960 2742 alloquor

227 2745 468 2823 Posterrumum‚
490 2750 626 2826 inquam,
649 2762 681 2810 ut
702 2761 812 2828 postea
836 2767 988 2824 nunquam
1002 2747 1143 2824 amplius.

229 2831 254 2890 0
276 2835 393 2910 lumen,
416 2855 434 2894 o
459 2835 645 2896 domesticae
669 2855 787 2898 sacrum
810 2834 908 2896 solum

229 2913 404 2994 Salaminis,
428 2942 447 2979 o
473 2923 534 2980 mei
551 2931 676 2999 penates
701 2921 806 2999 patrii:
1142 2908 1194 2969 850

228 2998 289 3063 Vos
311 3009 413 3066 clarae
433 3007 582 3081 Athenae,
602 3026 718 3083 vosque
740 3006 869 3084 gentiles
894 3001 964 3074 mei,

227 3083 409 3168 domosque,
437 3091 519 3151 fluvii
541 3111 596 3152 vos
617 3093 736 3152 valete:
760 3090 864 3151 Troici

231 3169 336 3254 Campi
357 3178 468 3249 valete,
490 3185 519 3235 et
539 3197 592 3237 vos
615 3178 675 3236 mei
697 3177 826 3235 nutricii.

230 3253 314 3321 Haec
338 3262 433 3321 verba
452 3263 542 3321 vobis
564 3262 626 3321 edit
645 3263 725 3322 Aiax
745 3262 862 3334 ultima,

229 3339 359 3423 Reliqua
380 3345 461 3423 apud
481 3347 593 3408 Orcum
614 3349 701 3406 fabor
719 3347 929 3405 internatibus⁸

468 3425 694 3500 HMIXOPOE,
719 3431 908 3490 Semichorua.

233 3507 280 3571 Se.
322 3517 426 3576 Labor
447 3515 562 3595 duplex
583 3515 685 3594 gravis
707 3515 805 3575 labor.

234 3595 329 3670 Quem
353 3623 415 3660 non
436 3601 516 3660 adivi
538 3621 595 3679 ego
617 3601 742 3660 locum?

232 3676 307 3759 Neo,
330 3687 381 3763 qui
403 3686 510 3746 docere
532 3686 639 3764 possit,
661 3685 742 3743 ullus
766 3691 813 3742 est
834 3683 930 3743 locus.

234 3758 323 3845 Tace,
344 3781 419 3830 tace.
439 3772 550 3829 fallor?
571 3791 609 3828 an
634 3787 740 3829 sonum
765 3768 878 3828 audio?

235 3845 282 3912 Se·
322 3857 414 3916 Vero.
439 3857 560 3916 sodales
582 3855 727 3914 classicos
749 3873 808 3914 nos
832 3853 958 3914 scilieet.
