3000 4725
760 650 799 710 22

324 816 386 879 Sed
407 819 527 879 veniam
548 820 682 879 fortasse
703 828 807 878 meret
830 840 889 878 non
909 819 1015 878 ultima
1035 838 1107 895 pars
1130 828 1178 879 est

367 905 493 979 Laudis,
511 905 544 964 in
566 904 757 964 Heinsiadae
777 905 891 982 scripte
908 904 1004 963 fuisse
1026 905 1112 964 libro.

406 1076 452 1135 15.
498 1076 536 1133 In
559 1076 759 1135 Moncuadam
775 1076 894 1135 Poetam
915 1076 1165 1152 Burdiqalemem.
1228 1093 1234 1111 ยน

690 1171 762 1221 Nihil
778 1171 874 1221 fictum.

325 1239 570 1300 Summaenianis
590 1239 686 1300 Urbis
709 1242 741 1299 in
765 1242 946 1319 sepulcretis

323 1326 373 1383 Ad
391 1326 591 1402 prosedarum
613 1345 676 1384 non
697 1326 822 1385 trioboli
841 1326 947 1397 lustra,

324 1410 426 1469 Media
449 1410 585 1471 Suburra
607 1412 780 1471 bustuarias
804 1412 895 1470 aedes

325 1496 512 1555 Moucaudus
532 1495 659 1568 habitat,
681 1498 748 1571 quis
773 1497 914 1573 scpulcra
935 1494 1074 1571 vespillo,

325 1581 404 1656 Quis
428 1587 596 1658 anteponat
617 1580 666 1638 vel
686 1580 854 1641 Gemonias
880 1589 986 1640 tortor.

325 1664 408 1727 Situs
440 1667 495 1725 sed
516 1665 587 1725 illes
610 1666 862 1741 commodumque
884 1666 1085 1724 commendat:

324 1752 501 1810 Petentiore
519 1770 590 1809 nam
617 1751 756 1810 fruuntur
775 1760 912 1828 aspectu,

324 1835 392 1894 Nec
415 1838 479 1895 ulla
501 1855 610 1913 purum
631 1837 735 1913 tegula
753 1837 868 1895 inridet
890 1836 1018 1906 caelum,

324 1922 472 1999 Patetque
495 1929 599 1993 totum,
623 1922 713 1997 quale
734 1923 871 1980 Termini
895 1928 1015 1979 tectum.

324 2007 395 2066 Hoc
416 2007 537 2066 unicum
562 2013 609 2064 est
626 2006 768 2064 lacunar:
792 2008 882 2065 unica
902 2008 977 2065 haec
998 2005 1044 2062 illi
1071 2048 1074 2055 .

324 2093 474 2151 Feneetra
497 2092 580 2149 clero
604 2110 692 2149 mane
712 2092 813 2149 lumen
836 2092 976 2148 admittit.

325 2177 411 2234 Haeo
429 2196 485 2252 pro
506 2176 618 2233 camini
639 2176 745 2251 pervio
768 2177 850 2248 tubo,
871 2176 972 2252 nigros

325 2261 518 2321 Transmittit
540 2268 627 2317 extra
650 2261 823 2337 transfugas
848 2260 913 2317 heri
934 2260 1045 2317 fumos.

325 2346 412 2406 Haec
431 2366 485 2422 pro
507 2344 636 2423 perenni
655 2345 751 2417 fonte,
771 2345 822 2420 qui
844 2345 951 2422 procul
973 2344 1077 2416 distat,

325 2433 464 2490 Laxsnte
484 2438 578 2488 totum
599 2430 732 2487 nimbido
754 2431 857 2487 lovem
880 2431 975 2502 caelo,

326 2516 467 2575 Demittit
487 2534 581 2573 urnae
603 2524 712 2591 sponte
737 2515 853 2574 defluos
875 2516 1004 2574 imbres:

326 2601 530 2661 Tuscenioum
553 2599 598 2656 illi
617 2601 685 2672 hoc,
705 2601 764 2658 hoc
781 2600 954 2659 cavaedium
971 2609 1019 2659 est
1032 2599 1087 2660 illi.

325 2685 380 2744 Nil
400 2685 535 2754 exeunti,
559 2683 603 2741 nil
626 2693 654 2742 et
679 2686 781 2743 obstet
799 2686 938 2744 intranti:

325 2770 399 2829 Non
421 2770 579 2827 taediosae
600 2769 713 2844 pensili
730 2789 819 2829 mora
842 2771 955 2842 scalae,

325 2855 399 2914 Non
423 2855 566 2912 cochleae
588 2862 633 2913 tot
656 2855 811 2914 circularis
836 2856 1000 2925 anfractus,

325 2940 399 2999 Non
424 2939 569 3001 eminenti
588 2941 740 3006 structiles
764 2941 875 3018 gradus
904 2941 1002 2999 mole:

325 3028 383 3084 Est
403 3024 503 3082 facilis
525 3024 625 3083 aditus
648 3025 753 3097 limen,
775 3034 805 3083 et
824 3027 913 3103 pedis
929 3025 1023 3103 plani.

324 3111 387 3168 Pro
407 3128 557 3166 marmore
579 3109 661 3182 albo,
686 3111 957 3184 emblematumque
979 3109 1124 3180 tessellis,

326 3194 434 3254 Dorsis
454 3194 566 3270 iniquis
589 3196 677 3252 tuber
695 3201 743 3252 cst
767 3197 984 3271 pavimentum,

326 3280 418 3355 Quod
439 3286 486 3336 ter
506 3279 678 3354 quotannis,
699 3286 750 3335 aut
769 3280 827 3351 bis,
846 3289 898 3337 aut
917 3279 1011 3338 semel
1036 3277 1142 3336 verrit:

324 3369 481 3424 Asaroton
501 3363 576 3420 illud
596 3365 733 3422 nomines
756 3363 827 3421 licet
850 3383 934 3422 sane.

325 3450 412 3508 Intus
433 3447 574 3526 supellex
596 3449 709 3525 excipit
730 3449 820 3506 domo
841 3449 943 3525 digna,

325 3534 409 3592 Hero
433 3532 573 3609 supellex
596 3533 701 3610 digna:
724 3533 816 3593 debili
839 3533 959 3610 sponda

326 3619 436 3694 Tripes
461 3619 615 3696 grabatus,
639 3617 794 3677 scandulis
818 3619 914 3676 tribus
935 3624 1044 3688 tectus,

327 3705 388 3779 Qui
411 3703 599 3761 claudicante
620 3703 791 3762 semifultus
815 3703 846 3760 in
869 3721 1003 3773 scamno,

325 3789 498 3860 Delumbis,
522 3796 551 3846 et
568 3788 702 3861 laxatus,
727 3788 860 3865 integros
881 3795 973 3846 noctu

326 3875 411 3933 Hero
431 3873 624 3950 periculosus
646 3873 760 3931 invidet
781 3892 915 3932 somnos.
