3000 4725
743 660 893 756 Q

360 828 503 906 Namqne
523 829 591 904 ipsa
612 846 761 888 summum
785 830 894 907 diriget
915 829 1007 887 telum
1028 848 1122 888 mann

292 916 344 971 915
362 914 506 974 Tendens
527 921 629 972 tenum
651 913 753 993 virago
774 917 913 973 Maeoten
934 914 1031 971 Tnha.

363 1000 467 1058 Durae
489 998 527 1057 ad
547 998 659 1056 fluenta
682 1000 733 1073 qui
755 1006 889 1059 cremato
911 999 1056 1056 auerrimo

363 1085 481 1148 Leone.
505 1083 595 1161 valgo
619 1082 774 1142 dexteram
797 1084 926 1143 armavit
948 1082 1061 1161 Scytha

365 1168 507 1241 Colubro,
530 1168 686 1226 volantum
706 1170 856 1247 pinsitore
878 1168 1045 1245 raspidum.

364 1253 485 1315 Crathis
509 1253 677 1329 sepulerum
702 1254 756 1313 sed
778 1254 892 1312 ridebit
913 1255 1019 1312 mortni

293 1338 345 1393 900
361 1340 409 1399 Ad
434 1340 494 1397 ima
513 1337 625 1413 templa
643 1338 779 1399 bitientis
802 1339 938 1411 Patami,

360 1424 423 1485 Ubi
444 1438 553 1483 sonora
573 1431 682 1501 stagna
702 1423 882 1482 Nanaethus
903 1424 1006 1482 vomit.

360 1509 466 1586 Ipsum
488 1508 640 1571 necabunt
659 1510 800 1567 Ausones
820 1508 951 1565 Pellenii

361 1594 461 1672 Opem
482 1592 629 1651 ferentem
650 1592 795 1651 Linditm
813 1592 1012 1670 praetoribus,

361 1679 449 1754 Quos
472 1677 654 1753 Thermydri
675 1697 749 1752 quos
774 1676 917 1753 Carpathi
936 1678 1017 1755 iugis
1038 1678 1147 1755 proonl

291 1759 343 1813 905
360 1763 461 1843 vagos
483 1761 627 1821 coruscus
651 1762 817 1821 Thraecias
836 1764 934 1820 mittet
956 1764 1041 1821 oanis

359 1847 445 1907 Novi
466 1846 595 1906 colonos
618 1848 811 1924 hospitisque
833 1846 976 1922 pulveris.
1030 1886 1036 1900 .

359 1935 441 2010 Ergo
460 1931 599 1990 Macellir
623 1933 785 1989 maximum
809 1931 952 2007 templum
976 1931 1095 1990 inoolae

359 2008 457 2077 Busto
480 2024 643 2089 struentes,
666 2036 778 2075 numen
800 2025 958 2074 aeternum
979 2017 1080 2075 colent

359 2102 518 2177 Libaque,
539 2100 649 2177 opimis
674 2110 705 2159 et
726 2103 815 2161 boum
839 2101 1005 2160 nidoribus.

290 2184 343 2239 990
360 2188 460 2245 Faber
482 2184 591 2243 caballi
612 2187 785 2265 Laugariae
803 2186 834 2243 in
859 2184 1019 2259 cubilibus,

361 2270 485 2329 Timore
505 2270 612 2329 Martis
633 2278 662 2328 et
678 2281 817 2329 catervae
837 2270 970 2329 Thuriae

359 2355 502 2414 Pendens
523 2357 657 2433 parentis
682 2357 817 2432 peierata
838 2355 974 2428 crimina,

363 2439 448 2514 Quae
467 2459 563 2518 pecua
583 2449 707 2518 propter
729 2449 900 2517 comparata
919 2441 1046 2516 praelio,

267 2555 270 2562 ⁴
361 2523 471 2586 Celsae
495 2524 678 2584 Oomaethns
698 2527 805 2584 dirutis
826 2526 1014 2602 prosimnriis

292 2608 343 2663 935
362 2611 411 2672 Ob
435 2610 601 2686 coniugalis
626 2629 715 2668 curae
738 2630 873 2669 amorem
893 2612 1047 2683 uxorium,

359 2696 396 2754 In
419 2695 564 2754 Bellicam
587 2692 757 2772 Cydoniam
779 2696 944 2771 viraginem

360 2779 609 2856 Crestoniumque
627 2781 777 2856 peioravit
796 2781 826 2837 in
849 2780 947 2837 Deum

359 2866 479 2942 Lupum
502 2864 661 2939 Quirinum
684 2864 864 2924 Trossulum
883 2865 1107 2939 Flexuminem‚

361 2950 422 3025 Qui
442 2950 643 3008 torminosum
670 2950 819 3026 praelium
840 2950 871 3007 in
895 2949 1017 3007 fratrem
1040 2949 1125 3009 dedit

292 3034 345 3088 940
361 3036 447 3097 Intra
467 3034 603 3110 parentis
624 3035 761 3092 intimam
783 3034 905 3112 bulgam
928 3034 1023 3112 pugil,

360 3118 472 3178 Natale
493 3118 625 3178 nondum
646 3121 723 3178 lueis
744 3121 866 3178 intuens
887 3120 985 3192 iubar,

360 3204 427 3263 Nee
446 3203 523 3261 liber
546 3223 564 3260 a
579 3203 753 3263 Partundae
771 3204 869 3262 adhuc
889 3203 1062 3262 laboribus:
1130 3238 1133 3243 ·

361 3288 574 3347 Meticulosnm
599 3307 711 3347 auxere
732 3290 776 3347 sie
796 3289 889 3346 fetum
912 3289 971 3360 dei,

361 3372 474 3433 caestu
498 3373 659 3446 valentem,
685 3376 715 3432 in
740 3376 837 3432 Marte
857 3374 1001 3431 laurioem
1023 3380 1137 3445 tamen,

293 3453 344 3510 945
362 3459 402 3517 Et
418 3466 482 3515 arte
500 3458 661 3533 plurimum
675 3458 786 3538 ¹utilem
805 3459 836 3515 in
856 3458 962 3516 eastris
987 3476 1056 3516 sua:

361 3541 420 3616 Qui
441 3543 521 3600 eirca
543 3541 625 3601 Cirin
652 3551 681 3602 et
703 3541 871 3618 Cylistarni
892 3543 1015 3600 hnmida

361 3627 496 3686 Habebit
516 3627 630 3703 hospes
652 3629 751 3704 patria
770 3628 872 3703 procul
891 3628 1009 3699 domos,

361 3712 422 3772 Ubi
446 3710 598 3785 dolabras,
619 3714 703 3789 queis
726 3732 849 3791 gravem
869 3711 981 3770 molem
1002 3711 1138 3785 secians,

360 3797 484 3855 Illustre
506 3795 647 3856 damnum
669 3797 829 3856 fabricabit
849 3795 970 3870 ineolis,

294 3883 347 3938 950
363 3881 465 3940 Malae
486 3881 623 3955 saerabit
640 3883 672 3941 in
693 3881 856 3942 Cluacinae
878 3881 971 3940 tholo.
