3000 4725
596 643 747 742 Q

261 807 358 872 οὐκέτι
386 809 515 894 ἱλαμένη
536 813 634 894 γεῖτον
658 810 794 894 ἐσήλαθ’
821 811 905 896 ῦδωρ

224 893 319 976 πείρην
341 895 554 978 δειμαίνουσα.
578 895 615 958 τὰ
636 894 665 958 δ’
691 896 788 958 ῦδατα
810 919 858 979 μιν
882 895 1055 980 κατέλεγξε.

259 976 376 1064 στίλβεν
399 979 456 1061 γὰρ
480 979 531 1042 καλ
554 979 611 1063 όλη
635 979 749 1063 κύμασι
772 980 976 1064 κρυπτομένη.

223 1060 301 1144 λείρι’
326 1062 358 1125 ἐν
384 1063 519 1131 ὑαλινοῖς
540 1065 723 1148 διακρίνεται
739 1064 860 1147 ἄγγεσιν
883 1064 976 1141 οῦτω,

256 1145 447 1228 κρόσταλλος
467 1171 500 1212 πε
523 1147 628 1212 λαθεῖν
652 1149 708 1212 οὐκ
732 1149 791 1232 ἐάηι
811 1148 848 1211 τά
869 1147 957 1231 βόδα.

222 1227 315 1298 εἰσδὺς
335 1232 398 1314 ἐγὼ
421 1233 455 1295 τδ
478 1235 603 1315 λοετρδν
624 1232 827 1316 ἀναινομένην
851 1231 993 1316 ἐφίλησα.

256 1320 307 1378 τοῦ
332 1317 368 1380 δὲ
391 1315 486 1380 πλέον
509 1319 624 1402 τολμᾷν
648 1317 728 1402 εἶρξε
753 1317 876 1400 διαυγὲς
898 1317 993 1399 ὕδωρ.

223 1483 298 1555 1‚62.
320 1482 477 1570 Σώφρων,
502 1485 577 1550 οὐδὲ
593 1487 690 1550 πάλαι
705 1489 830 1569 σεμναῖς
844 1484 972 1549 εἴκουσα
988 1484 1133 1571 Σαβίναις

255 1565 397 1716 Ααρβίνη,
421 1575 574 1654 στρυφνοῦ
597 1570 626 1680 ἠ’
650 1572 761 1655 ἀνδρὸς
783 1569 995 1654 ἀτεγκτοτέρη,

221 1670 364 1800 ουχνι
392 1653 591 1806 ιιιιι
611 1654 938 1803 ιιιιιιιιν

221 1758 302 1904 Εειθῦρῦ
317 1761 414 1905 ἔροῦῦι
436 1823 531 1905 δάμη,
554 1821 605 1886 τόν
627 1825 656 1885 τ’
680 1823 776 1908 ἀνδρα
797 1763 941 1895 λιῦοῦῦα,
963 1821 1024 1907 νέῳ
1045 1821 1100 1905 μὲν

256 1903 379 1983 έσπετο,
403 1904 569 1991 Πηνελόπη
591 1905 622 1969 δ’
647 1907 755 1993 ἦλθεν,
773 1907 892 1990 ἀπῆλθ’
910 1903 1034 1990 Ἑλένη.

222 2070 320 2146 12,52.
346 2073 500 2158 στέμμασι
521 2073 654 2160 Πιερίοις
677 2075 800 2143 εἰωθὼς
816 2078 913 2160 κράτα
931 2076 1088 2151 πυκάζειν,

254 2158 271 2238 ἡ
292 2160 442 2226 πελάταις
481 2161 581 2243 νωστὴ
597 2163 740 2242 ’γλῶσσα
754 2159 965 2242 διωκομένοις,

222 2243 313 2311 κεῖνος
333 2244 349 2307 ὁ
372 2182 588 2328 σδςῚάοῦφος,
612 2243 808 2328 Σεμπρωνόα,
832 2244 944 2308 ἐνθάδε
965 2249 1072 2321 κεῖται,

257 2322 365 2391 οὔκαὶ
386 2350 426 2389 πυ
449 2332 556 2393 σοῦται
576 2331 710 2414 λείψανα
735 2335 800 2395 σεῖο
824 2329 924 2414 πόθῳ.

221 2411 337 2490 τερπνδς
360 2411 391 2475 ἐν
411 2349 550 2498 ’ἀόλυσίῳ
569 2414 667 2499 πεδίῳ
690 2413 881 2498 θρυλλισμδς
903 2414 1037 2483 ἀκούεις.

257 2499 310 2557 σοῦ
331 2519 365 2559 τε
386 2498 462 2577 πρὸς
485 2497 503 2559 ἁ
524 2500 644 2580 παγμδν
669 2494 819 2583 Τυνδαρὶς
843 2500 1007 2583 ἐξεπλάγη.

222 2574 323 2643 νόστου
350 2580 378 2643 δ’
403 2520 560 2665 ἐμνήσθης
584 2582 692 2647 αὺτὸν
718 2584 898 2668 ἀρπακτῖηρα
920 2587 1061 2647 λιποῦσα.

258 2662 274 2744 ἡ
302 2664 332 2728 δ’
357 2664 417 2748 οὐχ
438 2664 547 2729 ἕσπετο
571 2690 619 2749 μιν
641 2668 745 2753 τάνδρὶ
772 2666 1002 2752 μετερχομένη.

220 2737 365 2818 Ἰλιακοδς
385 2748 504 2830 γελόων
529 2750 590 2814 ἀΐει
611 2750 776 2819 Μενέλαος
798 2750 926 2835 ἔρωτας.

257 2832 306 2895 τόν
330 2831 429 2917 Φρῦγ’
455 2834 609 2899 ἀθωώσαι
632 2836 661 2897 δ’
688 2836 810 2919 ἁρπαγὴ
836 2835 979 2918 ῦμετέρη.

222 2910 283 2976 ἀλλ’
309 2916 400 2983 ὁπότ’
424 2916 580 3003 εὐσεβέων
602 2920 636 2983 σὲ
661 2919 817 2989 δεδέΕεται
842 2918 935 2991 οἶκος,
965 2918 1087 2984 ἁπάσας

259 3001 381 3080 μέλλεις
403 3001 457 3072 τὰς
479 3003 580 3088 ψυχὰς
602 3004 683 3067 κεῖθι
706 3005 954 3088 παρευδοκιμεῖν.
1045 3044 1049 3049 ·

223 3075 397 3173 Περσεφόνη
419 3088 577 3171 πεφίληκ’,
600 3088 656 3151 οῦκ
680 3089 827 3172 ἀλλοτρῖη
850 3110 910 3172 σιρε
931 3084 1099 3171 βλέπουσα,

259 3168 423 3253 όρπακτάς.
447 3172 495 3237 ὅδ’
520 3170 599 3257 ἔρως
620 3174 669 3237 σοὶ
692 3174 822 3259 ριλόωσε
841 3172 926 3236 θεάν.

224 3334 446 3417 immature,
456 3340 538 3403 θεῶν
549 3338 1001 3427 βασιλεῦ,Δανάησ’ἐπράξατο
1010 3338 1131 3422 μισθόν,

259 3427 310 3507 τῆς
332 3425 446 3507 Λήδας,
469 3422 543 3501 Ζεῦ,
571 3425 619 3489 σοὶ
644 3432 757 3510 προῖκα
779 3423 1002 3511 χαριζομένης,

226 3587 347 3664 14,180.
373 3594 505 3679 ὤφελες,
525 3592 687 3657 ἀθανάτων
701 3593 846 3676 γενέτωρ,
869 3591 900 3661 ἐς
913 3597 1025 3679 ταῦρον
1044 3594 1130 3677 ἀρεῖ·

259 3680 310 3761 τῆς
328 3676 406 3747 Ἰοῦς
426 3678 469 3745 εἰς
490 3680 562 3763 βοῦν
587 3680 638 3742 σοι’
658 3679 726 3741 ποτ’
753 3676 971 3763 ἀμειβομένης.
1027 3678 1130 3762 [φθαη

228 3838 347 3916 14,187.
370 3847 427 3931 ἥδε
449 3846 595 3931 νεηνιέων
615 3846 768 3930 πρωτίστη
797 3845 918 3916 ἔπαιξεν
944 3844 1069 3930 ἔρωτας.
1085 3855 1103 3899 .’
