3000 4725
755 624 904 719 232-

372 794 414 852 At
430 792 560 851 luridum
583 793 713 855 cadaver
730 793 892 871 expulsum
914 792 999 852 foras

368 876 518 955 Delphini
541 878 645 955 aprica
668 885 836 955 concoquet
855 876 1012 950 Canicula,

371 962 562 1039 Pessumque
583 963 615 1022 in
638 962 715 1039 algis
737 964 829 1038 inque
846 980 951 1021 musco
970 962 1125 1040 putridum

372 1048 518 1108 Miserute
539 1048 645 1106 condet
666 1066 727 1107 une
747 1046 892 1108 Neseeee
917 1066 1014 1120 soror,

302 1130 355 1185 400
373 1132 500 1209 Opitule
520 1132 626 1191 ebedir
645 1133 771 1191 maximi
792 1130 970 1209 Cynaethei.

370 1211 558 1293 Bustumque
578 1218 751 1294 proximum
773 1216 920 1277 coturnici
939 1216 1005 1275 oliti

369 1302 531 1375 Tremens,
555 1303 674 1361 cavebit
696 1322 829 1361 murmur
847 1302 965 1379 Aegaei
986 1301 1055 1360 seli.

370 1388 458 1445 Tunc
476 1387 531 1445 ille
549 1384 705 1447 (lestniem
728 1394 759 1445 et
780 1387 965 1445 Melinee'em
985 1387 1074 1444 deum

369 1471 544 1531 Prosoindit
564 1472 663 1531 eudsx
685 1471 780 1549 Uregi
798 1471 831 1530 in
852 1470 980 1548 palatio,

302 1558 353 1613 405
371 1556 456 1629 Quae
476 1556 568 1615 leciet
585 1556 670 1616 illum
692 1564 756 1615 rete
777 1556 983 1615 inextricabili

369 1643 485 1701 Furore
505 1659 561 1700 nec
578 1642 679 1701 furore
697 1660 801 1701 verum
818 1641 997 1716 Erinnyum,

371 1726 515 1786 Tendens
536 1745 670 1785 umerum
691 1725 869 1803 compedem
890 1725 1064 1784 fstitrebem

371 1812 541 1887 Omnisque
562 1819 711 1870 moestum
731 1810 863 1871 Graecis
884 1809 1056 1880 eiulebitur,

370 1894 588 1973 Quemcunque
609 1898 762 1955 Araethus
788 1895 872 1955 intus
895 1903 985 1969 etque
1006 1891 1186 1969 inhospites

301 1986 356 2039 410
371 1982 490 2041 Fauces
512 1990 651 2039 coercent
670 1978 758 2040 Dotii
775 1980 969 2039 Libethriee:

371 2066 490 2142 Quibus
514 2084 600 2124 meae
621 2065 670 2125 vel
692 2066 730 2124 ed
751 2065 873 2142 paludis
895 2065 1013 2123 inserte

369 2151 482 2227 Ripem
502 2150 552 2209 diu
574 2158 645 2210 sunt
661 2149 876 2209 lacrumaudae
894 2150 1028 2226 nuptiae.

368 2234 451 2294 Nem
471 2235 670 2311 plurimarum
692 2243 797 2294 ventre
818 2234 1008 2293 funerebitur

370 2318 610 2381 Serretideutum
633 2321 722 2380 leuce
741 2338 913 2396 cempurum
935 2318 1071 2381 abditum

301 2414 353 2468 415
369 2405 508 2464 Examen
528 2407 650 2483 ingens,
671 2406 868 2483 hospitesque
887 2407 919 2462 in
941 2402 1061 2480 hospite

369 2491 466 2548 Terra
484 2491 628 2550 subibunt
647 2492 737 2550 bustu
758 2490 897 2567 cognatis
920 2488 1037 2566 procul.

368 2574 450 2634 Nam
471 2574 538 2650 ripe
560 2575 710 2650 quendum
734 2574 908 2651 Strymonis
931 2572 1063 2634 Bisaltia

369 2660 598 2720 Absinthiorum
618 2661 760 2738 proxime
781 2668 871 2734 etque
892 2659 1054 2719 Bistonum

368 2744 535 2822 Vesticipis
558 2745 687 2805 ultorem
710 2745 858 2822 optimum
877 2745 999 2803 Edonos
1021 2755 1117 2818 prope
1179 2767 1183 2773 >

299 2839 352 2894 420
370 2831 468 2908 Teget
484 2830 582 2906 prius,
605 2831 812 2907 Tymphreste
832 2848 923 2906 quum
943 2834 1047 2886 cernet
1065 2825 1151 2902 iuge,

369 2913 432 2975 Suo
455 2915 576 2992 putenti
598 2915 760 2990 plurimum
781 2915 911 2974 invisum
935 2912 1079 2983 omnium,

369 2999 430 3076 Qui
452 2999 525 3058 feeit
546 2999 632 3057 illum
653 3000 823 3074 caecilium,
845 2999 953 3060 oculos
974 2998 1093 3066 forans,

369 3083 476 3144 Cubile
499 3085 635 3162 spurium
657 3085 779 3159 quando
800 3085 889 3144 inivit
909 3083 1039 3161 pellicis.

368 3170 447 3229 Tres
471 3167 621 3246 Cercephi
641 3169 788 3245 spelunca
808 3188 951 3230 eesnures
971 3174 1065 3245 teget.

300 3257 352 3313 lib
371 3253 453 3314 Olim
477 3255 614 3331 sepulcro
635 3273 696 3313 uon
719 3255 757 3314 ab
775 3255 889 3314 Alente
907 3253 1025 3330 procule

368 3337 500 3398 Molossi
522 3339 633 3398 olorem
654 3339 827 3417 praescium
847 3338 968 3397 Insinni
988 3335 1077 3410 Cubi,

369 3421 496 3483 Scrofae
515 3423 657 3484 incientis
680 3425 867 3484 nescientem
885 3423 1010 3496 deliros,

369 3506 446 3567 Cum
469 3509 603 3587 caprifici
621 3510 675 3569 lite
700 3510 887 3585 compellens
910 3515 978 3566 cute

368 3593 477 3653 Vetem
499 3594 661 3668 aemulum,
682 3595 753 3671 ipse
775 3594 872 3654 fulsns
893 3611 933 3650 ex
953 3591 1078 3650 oraculo

299 3690 351 3746 430
369 3677 660 3740 Somnum'Teniris
682 3681 895 3755 praestitutum
919 3677 1063 3736 dormiet:

368 3763 578 3840 Quartumque,
596 3764 697 3842 magni
712 3763 875 3823 liberorum
899 3761 1032 3834 Diiovis‚

366 3851 502 3909 Fratrem
524 3848 619 3908 dolosi
639 3849 787 3908 Aethonis
811 3849 843 3906 in
862 3848 940 3907 lictis
952 3845 1056 3906 ‚nodat
