3000 4725
746 599 898 694 Q

408 763 581 824 Restabant
597 767 677 826 curis
699 771 836 844 praemia
857 770 958 828 danda
975 769 1049 827 tuisr

367 848 428 910 Sed
450 850 531 910 Mors
556 851 678 911 invidit:
699 873 737 912 ne
758 855 810 928 qui
831 853 1014 931 pubentibus
1037 856 1127 914 annis

408 936 567 1010 Aequasti,
585 956 696 1013 posses
717 940 915 1014 praeteriisse
938 938 1031 998 viros.
1144 969 1152 978 ’-

410 1103 459 1161 14.
500 1105 539 1162 Ic
558 1107 665 1164 obitum
691 1106 724 1166 V.
751 1106 781 1166 0.
806 1108 960 1166 Francisci
980 1111 1060 1167 Ionii
1080 1110 1231 1187 Recepta.

364 1188 445 1260 Iuni,
468 1206 557 1262 quem
579 1191 671 1250 modo
692 1191 802 1250 litteris
822 1200 977 1268 potentem

364 1272 455 1330 Pleni
475 1271 635 1350 Gymnasii
655 1277 813 1350 frequente
835 1287 925 1335 coetu

366 1355 516 1435 Cingebat
537 1360 645 1420 docilis
670 1379 783 1420 corona
803 1362 892 1436 pubis

365 1441 467 1501 Docto
488 1445 624 1520 pendula
647 1446 826 1505 disserentis
851 1466 920 1506 ore:

365 1533 407 1586 At
426 1547 516 1603 nuuc,
539 1551 558 1589 o
580 1529 676 1590 series
696 1531 803 1606 iniqua
822 1550 934 1606 rerum,

365 1611 479 1672 Tactus
503 1616 604 1674 sidere
624 1614 799 1692 pestilentis
822 1635 915 1674 aurae

366 1695 422 1758 Sol
443 1700 629 1774 pallentibus
652 1701 765 1760 occidis
786 1702 937 1760 tenebris!

364 1781 411 1840 Te
433 1802 576 1844 moerens
599 1786 704 1845 ecbola
723 1787 776 1843 flet
800 1805 888 1844 suum
905 1785 1093 1863 magistrum,

366 1867 451 1926 Orba
469 1870 611 1929 Ecclesia
633 1879 663 1928 te
687 1889 774 1928 suum
797 1866 966 1947 parentem,

364 1951 532 2012 Ductorem
551 1955 652 2032 »gemit
673 1957 757 2014 orbis
776 1956 947 2015 universus.

364 2037 464 2110 Fleut,
488 2041 576 2110 flent;
597 2061 656 2098 non
679 2041 723 2098 uti
745 2041 854 2117 vulgus
875 2039 1046 2116 imperitus,

366 2121 464 2196 Quem
484 2125 609 2189 morbus
634 2125 723 2183 docet
743 2126 824 2202 ipse,
846 2126 918 2201 quid
937 2124 1039 2183 valere
1060 2130 1117 2194 cst,

365 2204 478 2279 Quanti
502 2216 549 2268 est
570 2208 663 2282 filius,
687 2211 817 2269 orbitate
838 2211 939 2282 discit,

366 2288 425 2364 Qui
446 2312 504 2350 nec
526 2294 655 2369 denique
677 2295 749 2369 quid
770 2296 882 2371 potitus
904 2295 978 2354 olim
1003 2302 1060 2366 est,

366 2374 428 2436 Sed
450 2379 523 2455 quid
544 2380 719 2456 perdiderit,
739 2382 822 2440 solet
839 2390 956 2458 putare.

364 2462 401 2519 In
420 2472 452 2521 te
470 2464 563 2542 longe
584 2464 646 2521 alia
665 2474 712 2523 est
732 2466 924 2525 vicissitudo:

364 2545 433 2607 Nec
455 2558 585 2625 quantus
608 2549 714 2623 fueris,
737 2551 870 2609 carendo
894 2550 995 2622 discit,

366 2632 426 2707 Qui
447 2635 507 2693 vivi
532 2634 671 2691 meritum
694 2636 868 2693 aestimavit
888 2635 968 2693 clim.

364 2717 404 2775 Et
427 2738 505 2777 nunc
528 2720 649 2778 conscia
668 2720 809 2796 publicae
829 2720 971 2794 querelae
1032 2759 1036 2764 -

364 2802 530 2879 Postquam
554 2805 654 2869 tristia
677 2814 706 2863 te
730 2806 829 2863 tulere
851 2805 925 2877 fata,

364 2888 404 2945 Et
425 2889 538 2949 clarum
558 2889 646 2947 iubar
665 2890 818 2948 abstulere
841 2890 966 2963 mundo,

364 2970 433 3034 Nos
455 2975 528 3050 quid
546 2974 746 3051 perdidimus,
769 2975 841 3049 quid
864 2984 894 3033 et
911 2974 1071 3032 dolendum
1093 2982 1154 3046 est,

363 3055 435 3117 Non
461 3061 573 3119 ecimus
596 3060 704 3137 magis,
726 3068 762 3117 at,
776 3061 875 3137 magis
896 3060 1042 3118 dolemus.

449 3154 603 3273 LngdABat.
616 3154 726 3273 apathes
737 3155 809 3204 horis
820 3165 881 3220 post
893 3155 1006 3204 mediam
1021 3160 1123 3203 noctem
1133 3154 1162 3202 in
1175 3148 1267 3202 lectulo.

543 3237 596 3271 nno
685 3258 691 3271 .

396 3375 443 3434 tc.
488 3377 652 3452 Epicadiou
674 3380 823 3437 Adccdati
845 3378 940 3437 Sebae
952 3376 1115 3453 [Theodori
1126 3373 1246 3448 Betae}
1316 3379 1317 3410 l

363 3460 474 3536 Magne
498 3480 604 3535 senex,
628 3463 693 3521 miti
717 3482 806 3539 quem
825 3465 932 3521 funere
957 3481 1053 3538 nuper
1075 3461 1224 3519 ademtum
1316 3509 1317 3528 ,

406 3544 602 3623 Allobrogum
626 3548 709 3605 molli
732 3548 848 3624 cespite
871 3548 954 3607 velat
973 3548 1094 3619 humus,

364 3628 510 3703 Quamvis
532 3639 656 3689 aeterna
678 3632 755 3691 caeli
775 3634 900 3710 regione
920 3638 1076 3708 receptum

406 3713 452 3772 Te
471 3724 598 3789 seposta
619 3717 680 3792 piis
702 3718 843 3777 manibus
868 3711 940 3775 suls
958 3724 1053 3789 tenet,

362 3798 488 3875 Iamque
507 3819 540 3861 es
562 3802 690 3861 decurso
712 3803 812 3878 spatio
835 3802 953 3861 delatus
972 3802 1003 3860 in
1025 3802 1139 3879 ipsum,
