3000 4725
785 584 848 645 23²

400 748 545 817 καὶτοὺς
569 748 647 832 ἐμῆς
668 748 724 831 μέν
745 750 991 833 δοσμενεστάτης
1014 750 1136 835 στίβους

402 834 577 917 ίχνηλατεῖν
601 832 678 909 οἶδ’,
699 833 771 896 εδτυ
795 839 839 897 εῖν
862 835 899 897 δὲ
916 839 981 902 τοῖς
1001 832 1134 918 τρέμειν.

401 918 454 981 καὶ
475 918 530 1000 τὴν
553 918 685 1001 ἐρῶντος
704 919 748 987 είς
770 858 927 1004 έριίιμενον
949 918 1038 1004 φύσιν

403 1004 658 1085 μεταλλαγεῖσαν,
680 999 717 1064 έκ
736 1002 768 1065 τ’
788 1005 963 1086 ἀνωμάλων
988 1004 1074 1071 ὅπως

400 1091 547 1155 παντοῖος
569 1085 638 1171 ὄψιν
660 1086 785 1171 γίνομαι
807 1089 858 1151 καὶ
879 1089 932 1170 τὴν
952 1086 1051 1172 χρόαν

403 1176 513 1254 μικροῦ
531 1171 678 1253 γέλωτος,
700 1173 753 1234 καὶ
775 1177 900 1255 μακρῶν
920 1172 1115 1255 ὀδυρμάτων,

402 1256 488 1339 ψυχή
511 1278 545 1317 τε
566 1259 634 1323 πῶς
656 1259 696 1339 ζῇ
715 1256 844 1341 καρδίας
864 1256 1023 1326 ἀπόξενος.

403 1339 471 1402 οἶδ’
495 1339 528 1409 ἐξ
552 1340 689 1423 ἐμαυτοῦ
714 1340 796 1424 μυρί’
819 1339 1027 1424 ἠπατημένοι,
1304 1398 1305 1417 ,

401 1424 454 1487 καὶ
475 1423 703 1508 δυστέκμαρτον
723 1430 784 1507 πῦρ
808 1425 882 1507 ἐμδν
909 1427 1073 1509 διζήμενος

401 1508 521 1592 θέρμην
546 1508 686 1583 άπωθεν,
704 1514 802 1593 χεῖμα
825 1508 858 1572 δ’
883 1510 1009 1593 ἐγγύθεν
1034 1510 1164 1579 σπάσας.

401 1592 465 1656 οἶδ’
486 1596 529 1662 ὡς
544 1590 647 1677 Ἔρως
669 1592 801 1657 ἔναυλον
822 1593 854 1655 ἐν
877 1595 967 1678 φρεσὶ
990 1594 1109 1679 βρέμει,
1304 1593 1305 1617 ’

400 1677 526 1741 καὶτὸν
549 1679 696 1761 λογισμόν
718 1677 858 1761 στηθέων
883 1678 976 1742 πάντ’
1000 1679 1133 1742 ἐκπτοεῖ.

400 1762 452 1825 καὶ
474 1766 542 1829 πῶς
564 1761 672 1845 τέτηκε
693 1763 805 1847 καρδία
827 1762 1041 1846 πολυτρόπως.

402 1845 461 1910 οἶδ’
485 1845 604 1931 όσσίχιμ
627 1848 682 1931 μὲν
706 1848 908 1931 εὐγενεστάτη
932 1846 1049 1933 βρόχῳ,

404 1930 477 1994 όταν
500 1931 619 2014 μονάζη
642 1935 756 2000 παντὸς
772 1930 977 2017 ηρημωμένη,
1022 1976 1026 1979 -

403 2015 488 2161 ψυχὴ
509 2020 674 2098 κρατεῖται,
701 2018 743 2100 μὴ
766 2018 795 2079 δ’
820 2016 999 2088 ὑπασπίζων
1023 2018 1117 2099 πάρα.

403 2123 444 2162 κα
476 2097 531 2167 τὰς
552 2102 697 2181 πατήσεις
714 2103 767 2169 τάς
788 2099 823 2164 θ’
844 2099 1015 2184 ἑκηβόλους
1032 2100 1138 2177 τυπὰς,

403 2184 455 2246 καὶ
475 2181 528 2249 τὰς
550 2184 689 2258 ἀπειλὰς,
712 2185 767 2253 τὰς
791 2186 886 2270 βολάς
909 2185 935 2247 τ’
956 2185 1121 2270 ἐπίσταμαι

405 2266 531 2351 ἔρωτος,
552 2270 595 2336 ὥς
618 2269 725 2353 βίαιος,
748 2273 792 2338 ὥς
813 2270 988 2345 ἐπίκλοπος,

405 2352 491 2420 ὅπως
513 2351 630 2434 ὁμοίως
650 2353 707 2417 οὐκ
729 2355 778 2418 ἀεὶ
802 2355 998 2438 τροχηλατεῖ.

403 2440 447 2504 ὡς
466 2435 551 2504 ἐλπὶς
573 2436 609 2498 οὐ
633 2438 768 2522 δηναιὸς,
791 2439 895 2507 αἰανὲς
914 2439 942 2500 δ’
968 2438 1055 2524 άχος,

401 2521 488 2584 κενᾶὶ
509 2520 543 2582 δὲ
564 2522 662 2605 πάντη
686 2525 818 2586 πίστεων
842 2522 1035 2608 ὑποσχέσεις.

403 2609 446 2674 ὥς
470 2603 588 2672 ὀστέοις
611 2606 665 2688 μὲν
688 2607 788 2690 καῦμ)
811 2608 984 2690 ἐπάργεμον
1007 2607 1126 2692 φλέγει,

401 2688 524 2837 {W
539 2689 779 2845 θῖαφλῖέῦῗί
799 2691 1119 2845 ῗῖωέήπῗίέθῗλι
1197 2771 1198 2778 ¹

402 2861 446 2927 ὣς
468 2795 522 2920 οόν
545 2798 699 2942 ἐρώθγτόιν,
725 2799 806 2936 οἶδόι,
829 2799 1034 2944 θραθθδειλος
1059 2799 1138 2946 βίοςῗ

400 2944 517 3010 πλάνος
535 2965 569 3004 τε
589 2944 767 3030 κᾴβέβαιος,
790 2949 833 3013 ὡς
856 2946 952 3008 εἰπεῖν
976 2943 1059 3012 ἔπος.

401 3029 444 3096 ὡς
460 3027 558 3114 ,πόλλ’
577 3028 692 3113 άδευκῆ
710 3029 839 3110 γλυκέος
858 3031 984 3112 ἡττᾶται
1003 3031 1122 3113 μικροῦ.
1304 2997 1305 3060 λ

399 3110 463 3194 ἤθη
483 3133 516 3172 τε
536 3112 663 3190 τούτων,
686 3115 724 3176 τά
746 3135 779 3175 τε
802 3114 892 3197 μέλη,
915 3113 1058 3181 καὶτοὺς
1081 3111 1212 3192 στόνους,

401 3196 435 3257 τδ
460 3194 584 3280 φθέγμα
608 3198 636 3258 τ’
659 3197 779 3274 άτυνον,
803 3197 856 3267 τὰς
878 3197 989 3281 μεταέό
1013 3197 1040 3259 τ’
1063 3195 1223 3282 ἀναβολὰς,

403 3279 526 3363 βραχμὴ
542 3279 675 3361 γέλωτα,
689 3283 740 3346 καὶ
755 3282 856 3367 μακρὰ
871 3285 1073 3365 στενάγματα,
1109 3278 1257 3368 [βραχῦνί]

403 3363 546 3447 ἀψινθίου
571 3388 603 3427 τε
623 3373 678 3430 τοῦ
703 3369 888 3452 μελικρήτου
908 3365 1005 3448 πόμα.

445 3461 503 3511 Hoc
517 3466 677 3526 poematium
696 3467 764 3515 inter
784 3467 952 3530 equitandum
967 3463 1086 3516 ver'tebat
1098 3463 1257 3525 10⁵.sm1iger

510 3531 539 3579 in
557 3532 709 3584 Pictonibus
728 3549 796 3585 anno
811 3533 885 3595 1563,
905 3535 1022 3584 oblatum
1042 3536 1131 3585 statim
1148 3530 1256 3585 Nobiliss.

508 3599 643 3652 Ludovico
659 3602 806 3654 Οασιαυιιεο
825 3602 999 3668 Βυρίροκεοο,
1022 3603 1050 3651 in
1067 3602 1219 3655 monasterio
1235 3595 1255 3648 S·

510 3668 609 3719 Mariae
627 3670 666 3720 De
679 3671 871 3722 Μίεενῖυονάῖα.
913 3671 1038 3722 Oblatum
1056 3673 1136 3723 etiam
1152 3673 1188 3722 M.
1206 3669 1256 3720 Anu

508 3736 613 3788 Murato
635 3754 703 3790 anno
723 3738 797 3791 1565.
