3000 4725
695 640 756 701 ton

650 725 802 735 ——-—-—-

269 808 410 884 namque
431 816 483 868 tuo
506 810 657 888 extinguis
678 829 788 887 corpus
808 810 999 884 animamque
1020 828 1140 886 sopore,

187 926 192 937 ·
269 893 398 968 Quando
419 895 589 972 perrumpis
609 902 734 954 naturae
756 895 857 954 vivida
879 894 1021 967 claustra,

269 978 372 1039 caeco
392 979 548 1039 hominum
571 980 695 1059 signans
717 988 840 1040 aeterno
862 978 978 1039 lumina
999 998 1119 1039 somno.

271 1059 415 1127 Omnibu'
439 1066 619 1139 communis,
635 1066 705 1124 aliis
726 1065 837 1125 iniuria
857 1064 978 1141 partim,

269 1150 431 1210 Florentes
455 1150 612 1228 stingueus
633 1157 747 1210 aetates
767 1151 873 1209 funere
896 1150 1015 1207 acerbo.

270 1235 384 1297 Omnia
405 1253 475 1292 nam
497 1248 635 1293 conmeta
657 1236 689 1293 in
712 1243 741 1293 te
765 1235 833 1295 sola
850 1231 1063 1293 absciduntur:

269 1318 352 1379 Nam
373 1338 470 1395 neque
491 1318 661 1397 suppliciis,
688 1341 788 1399 neque
809 1321 886 1380 votis
909 1326 1033 1396 pectora
1053 1317 1179 1393 frangis.

271 1405 373 1483 Quare
394 1424 412 1463 u
435 1412 539 1463 sancta
558 1406 639 1477 veni,
665 1406 757 1483 longo
776 1415 851 1483 post
871 1412 1008 1480 tempore
1029 1403 1118 1474 vitae,

273 1490 360 1565 Quod
377 1496 408 1547 te
431 1489 589 1566 suppliciis
613 1499 643 1548 et
667 1493 747 1550 votis
772 1492 968 1561 obtestamur,

272 1574 313 1635 Ut
331 1574 451 1634 felicem
473 1575 604 1633 habeant
625 1576 762 1635 homines
783 1576 954 1651 claramque
978 1580 1140 1635 senectam.

422 1668 548 1720 Vertcbut
572 1670 624 1721 Ios.
644 1668 713 1724 Scal.
733 1672 800 1720 intra
817 1674 931 1737 quinque
949 1672 1048 1721 dierum
1065 1668 1183 1733 spatium.

288 1856 412 1905 Eiusdem
436 1855 488 1905 Ios.
506 1855 575 1908 Scal.
593 1858 775 1907 annotationes
792 1857 820 1906 in
838 1857 955 1922 Hymnus
975 1856 1167 1921 praecedentes.

325 1922 375 1973 Hic
399 1921 464 1972 iiber
483 1940 533 1973 non
551 1926 658 1993 proprie
681 1932 740 1974 sunt
759 1921 849 1992 ὕμνοι,
874 1925 919 1974 red
941 1923 1050 1976 τελεταί.
1075 1939 1135 1972 nam
1155 1922 1185 1972 in

273 1992 378 2059 Hymnis
388 1990 499 2053 natalia,
509 2000 592 2059 qesta,
612 2001 636 2042 et
647 1994 770 2043 eiusmodi
778 2002 936 2043 narrantur:
960 1994 1070 2043 nicrero
1084 1998 1185 2041 tanturn

272 2060 446 2111 invocationes
468 2060 593 2122 Deorum,
620 2060 707 2127 quibus
730 2062 870 2112 utebantur
898 2063 926 2110 in
944 2062 1073 2127 mysteriis
1090 2060 1119 2119 ii,
1140 2059 1185 2125 qni

273 2128 356 2180 sacris
376 2130 518 2196 cuiuspiam
531 2129 578 2179 Dci
589 2131 770 2181 initiarentur:
796 2127 864 2180 'Sunt
883 2131 960 2180 etium
980 2131 1016 2181 ud
1033 2127 1185 2197 depellenda

273 2197 345 2248 muln
364 2197 467 2249 adiecti.
503 2198 574 2260 Onne
591 2200 676 2249 ornnia
688 2207 773 2250 tamen
783 2201 848 2264 (irent
860 2198 1049 2265 coqncneinibus
1060 2196 1185 2263 mysticis.

275 2266 327 2316 Sed
345 2264 439 2317 Gracci
461 2267 489 2316 in
509 2267 557 2317 itoc
572 2284 680 2335 prorsus
702 2276 770 2321 sunt.
808 2267 902 2318 Lutine
927 2267 1027 2335 quien
1044 2268 1123 2317 Initia
1139 2266 1182 2315 in-

274 2332 354 2386 scribi
372 2342 465 2402 potest,
484 2344 513 2387 nt
530 2338 684 2405 respondeat
709 2336 810 2389 Graeco
827 2336 904 2388 cerlo
919 2334 1033 2388 relatui:
1060 2335 1105 2386 reci
1121 2333 1183 2402 quia

275 2412 355 2455 toturn
371 2405 559 2470 copnnminilus
580 2405 691 2457 Denmrn
711 2415 822 2470 corutnt,
839 2407 929 2457 melius
945 2405 1097 2457 inscribitur
1113 2405 1183 2455 Indi·

273 2475 424 2538 gitamentu.
465 2473 566 2524 Veteres
585 2477 649 2526 enim
661 2476 759 2538 Latini,
779 2493 840 2544 quos
857 2477 953 2527 Graeci
968 2471 1091 2526 coeunti
1114 2489 1186 2529 νους,

273 2545 283 2592 i
301 2541 324 2592 ri
341 2543 473 2592 nominant
494 2544 660 2605 Assumcnta,
682 2561 747 2610 quae
766 2544 865 2595 scilicet
879 2545 1021 2610 separatim
1033 2544 1061 2593 in
1072 2492 1186 2609 aliquem

299 2627 355 2660 eum
375 2619 511 2673 canuntur,
527 2613 555 2661 in
573 2611 662 2677 quitus
679 2619 754 2678 perta
772 2622 796 2662 et
811 2614 920 2663 uirtutes
934 2614 987 2661 eius
1001 2611 1049 2660 Dei
1067 2609 1187 2660 celebra-

273 2687 344 2740 runt,
367 2687 397 2728 ut
424 2678 488 2730 alili
510 2681 593 2744 fusius
614 2680 733 2730 dicimus.
774 2679 813 2729 Ae
834 2682 1033 2744 Indigitamenta
1049 2685 1186 2736 accurunt,

273 2749 301 2798 in
327 2745 415 2814 quitus
431 2748 547 2799 *Deorum
573 2749 723 2814 copnomina
748 2750 826 2798 ouria
844 2757 933 2798 errent.
972 2747 1070 2796 Eorum
1091 2746 1188 2797 Graeci

267 2817 323 2878 ,tuo
350 2833 447 2882 penora
471 2818 601 2881 seaeant:
623 2834 683 2867 num
701 2815 814 2886 κλητοὺς
837 2814 933 2883 ὕμνους
960 2821 1087 2865 recurrent
1106 2815 1183 2864 anei-

276 2884 371 2936 liurum
390 2893 414 2934 et
431 2885 572 2950 furentium
587 2886 706 2946 Deorum,
728 2885 918 2955 ἀποτροπαίους
936 2892 1020 2935 nutem
1033 2883 1187 2942 nocentiam,

274 2962 437 3022 quaereret
458 2953 582 3021 Virpiiins
598 2956 674 3004 laeva
691 2956 806 3006 numina.
845 2953 943 3004 Horum
963 2954 1073 3020 primum
1093 2969 1126 3001 ec
1140 2968 1187 3001 ce·

275 3029 328 3072 tere
349 3022 543 3089 iinpnuLctina
554 3023 714 3075 Celutorium
733 3038 852 3086 carmem
871 3021 991 3083 alterum,
1009 3021 1187 3071 Ater-runculo

274 3107 369 3140 occare
407 3108 528 3142 oswinus.
570 3091 665 3154 Quare,
689 3099 720 3144 ut
737 3093 803 3153 diei,
825 3092 888 3158 quia
906 3091 994 3140 omnia
1012 3088 1106 3139 Latine
1123 3088 1188 3137 red-

274 3159 335 3209 dere
351 3111 477 3221 neamus,
498 3161 599 3211 tametsi
619 3160 708 3212 titulus
729 3161 847 3210 Graecae
860 3159 1024 3226 inscriptioni
1036 3154 1189 3224 ὕμνωνποπ

274 3228 419 3296 respondet,
440 3237 524 3279 tumen
542 3229 742 3294 Indigitementa
761 3229 948 3296 inscripsimus.
988 3227 1091 3277 Dictum
1103 3232 1189 3276 aeteae

274 3298 411 3362 indigitare
430 3315 479 3359 pru
499 3299 709 3360 indictus-eatae
725 3305 764 3347 est
783 3315 885 3348 uocare.
922 3297 990 3348 Num
1009 3297 1115 3346 citatam
1133 3294 1189 3360 plc-

274 3366 334 3416 bem
354 3365 481 3428 dicebant,
500 3367 610 3432 quaein
629 3366 751 3418 iudicium
770 3374 866 3417 cacata
883 3372 955 3415 esset.
979 3365 1022 3413 Sic
1033 3363 1104 3430 apud
1116 3363 1188 3414 Var-

274 3449 363 3484 ronem
379 3435 417 3485 De
437 3436 526 3501 linqua
546 3435 643 3485 Latina
661 3437 731 3500 quod
748 3451 826 3501 pecus
845 3437 979 3484 incitatum
991 3434 1124 3498 antiquum
1143 3446 1188 3497 op-

294 3504 364 3554 idum
379 3505 529 3569 exigebant3
551 3503 680 3571 lependum
692 3505 788 3571 potins,
808 3505 992 3553 inducitatum:
1010 3501 1078 3568 quod
1090 3509 1191 3551 estnon

301 3572 416 3634 arronis,
442 3573 487 3623 sed
510 3572 643 3624 cuiusdam
668 3573 761 3622 ueteris
787 3580 880 3640 poetae
906 3568 1112 3642 ἀκροτελεὺτιον.
1153 3569 1191 3618 nr

275 3641 353 3692 citare
371 3648 458 3691 natum
474 3642 535 3708 qnid
552 3643 588 3692 sit
606 3642 634 3692 in
651 3640 796 3706 forensibus
813 3648 837 3690 et
854 3639 1020 3691 iudicialibus
1037 3639 1145 3698 cumen,
1165 3643 1191 3686 et

275 3710 384 3760 citatum
409 3710 608 3761 instrumentum
634 3717 816 3778 nanctepatum.
861 3707 933 3776 Enyo
951 3709 1100 3769 indicitur-e,
1123 3705 1193 3773 quod

276 3785 336 3828 erat
355 3779 469 3840 incitare,
490 3787 514 3828 et
531 3781 667 3843 indigitare
688 3779 770 3840 idem3
794 3785 823 3828 ut
848 3779 983 3829 subicitare
1002 3782 1027 3824 et
1044 3776 1191 3840 subagitare

275 3846 304 3897 in
325 3846 421 3896 Casina
442 3845 545 3900 Plauti:
563 3856 593 3898 nt
610 3849 705 3898 inicere
722 3848 748 3897 in
766 3846 884 3896 Varrone
900 3863 949 3915 pro
967 3847 1073 3909 inigcrc.
1106 3843 1192 3894 Tanto
