3000 4725
716 644 867 736 —76-

333 809 486 867 Procedit.
508 809 569 867 iam
591 817 697 868 cuncta
719 810 779 870 sibi
797 810 936 869 cedentia
958 811 1038 869 votis

334 894 466 953 Metitur.
487 912 563 969 quas
584 895 710 970 quisque
729 896 821 953 avida
841 914 895 971 spe
917 895 1040 953 devorat
1056 898 1159 969 urbes,

334 978 393 1037 His
419 979 530 1037 servile
551 980 653 1057 iugum
676 981 838 1053 intentant,
866 981 913 1039 his
939 980 1039 1038 vincla
1060 982 1226 1040 minantur:

310 1082 312 1087 ·
336 1064 486 1123 Omnibus
508 1064 644 1121 exitium.
667 1064 734 1123 Nec
754 1078 814 1123 non¹
834 1065 992 1141 poscentia
1012 1085 1145 1143 pugnam

334 1149 467 1225 Agmina
489 1146 669 1209 Castanides
693 1151 781 1210 dictis
806 1150 959 1207 accendit:
982 1151 1093 1209 adesse

335 1233 470 1309 Tempus
491 1235 543 1307 ait,
567 1253 626 1308 quo
648 1235 731 1293 t'elici
753 1235 877 1293 victoria
895 1235 982 1291 laura

334 1317 474 1377 Pictonio
494 1319 641 1395 requiem,
663 1320 756 1379 decus
777 1320 854 1395 ipsis
878 1318 1004 1379 sanciat
1028 1321 1096 1393 Eia,

334 1402 503 1477 Poscimur,
526 1424 564 1462 en
586 1406 721 1465 Mavors:
742 1425 778 1463 en
801 1406 937 1474 Mavors3
956 1406 1120 1479 poscimur,
1142 1405 1249 1482 inquit.

336 1486 431 1565 Signa
452 1496 586 1563 movent,
608 1490 780 1564 strictisque
802 1498 914 1547 acuunt
934 1490 1126 1549 mucronibus
1143 1491 1216 1549 iras.

335 1571 420 1647 Quae
442 1573 499 1631 fuit
521 1575 576 1631 illa
600 1575 682 1633 diest
706 1592 796 1649 quam
819 1575 914 1631 multa
935 1575 1027 1631 caede
1049 1574 1164 1650 piatum

334 1658 375 1717 Et
394 1677 497 1716 carcer
516 1659 612 1735 patris
638 1668 695 1732 est,
718 1667 748 1717 et
769 1661 832 1717 nati
851 1659 943 1717 funus
965 1661 1121 1718 acerbuml

334 1742 395 1801 Hic
414 1762 512 1818 neque
537 1763 608 1801 cure
630 1746 711 1803 subit
725 1752 881 1819 quaestus,
895 1762 993 1819 neque
1010 1764 1136 1819 parcere
1150 1745 1249 1817 victis,

333 1827 401 1886 Nec
423 1829 556 1903 precium
579 1830 674 1904 captis
694 1830 859 1906 imponere.
885 1828 1028 1905 Corpora,
1047 1848 1126 1905 quae
1148 1850 1207 1888 non

335 1914 430 1989 Optat
452 1914 595 1972 avarities
618 1915 714 1987 lucro,
736 1916 818 1991 rapit
841 1913 916 1972 ultio
938 1914 1034 1971 caedi;

335 1996 496 2056 Vindictae
519 2018 595 2075 gens
618 2007 683 2057 tota
705 2000 802 2057 datur.
824 1998 905 2057 Nam
927 2007 1048 2056 caetera
1068 2001 1165 2074 pubes

334 2080 384 2140 Ne
404 2090 521 2158 pereat,
542 2083 629 2159 perit,
653 2092 683 2141 et
701 2085 823 2160 patulas
846 2103 880 2144 se
900 2083 991 2141 mittit
1011 2084 1043 2141 in
1065 2086 1172 2144 undas.

334 2168 569 2241 Atquealiquis
590 2188 689 2244 prono
715 2168 904 2228 descendens
926 2188 1016 2227 amne
1035 2169 1134 2227 viator

334 2250 457 2309 Funera
478 2252 668 2310 dinumerare
691 2254 778 2312 velit:
799 2255 853 2312 sed
872 2254 969 2331 ‘longa
989 2262 1147 2314 natantum

336 2334 471 2396 Obsistit
494 2338 604 2396 series:
624 2357 768 2398 numerus
790 2357 857 2397 cum
878 2339 1002 2397 flumine
1023 2341 1143 2414 erescit,
1210 2332 1213 2338 ’

336 2419 413 2480 Cum
434 2441 560 2481 numero
578 2423 693 2482 Paean.
712 2425 816 2502 Ligeri
836 2425 895 2497 dic,
918 2443 1028 2501 magne
1049 2425 1200 2504 Vigenna,

335 2504 405 2578 Dic,
429 2507 532 2584 Liger,
555 2508 694 2581 Oceano,
717 2510 831 2568 victrici
854 2509 961 2567 cedere
981 2518 1088 2566 cuncta

336 2590 532 2650 Castanidum
556 2593 697 2652 dextrae:
725 2595 835 2653 fluvios
858 2596 971 2654 servire
993 2594 1165 2672 triumphis.

377 2675 451 2735 Non
470 2696 526 2754 ego
549 2687 657 2736 cuncta
676 2699 745 2738 meo
769 2679 927 2755 complecti
947 2679 1080 2737 carmine
1101 2681 1231 2757 possim,

334 2759 408 2820 Non
431 2763 549 2836 Martis,
573 2785 636 2823 non
659 2765 744 2840 pacis
770 2784 862 2842 opus:
886 2780 962 2841 quas
984 2765 1081 2821 Marte
1101 2767 1232 2824 rebelles

335 2844 605 2925 Disiecitgeutes,
627 2849 749 2926 placida
771 2869 847 2924 quas
870 2869 946 2926 pace
969 2849 1083 2925 ligavit.

335 2931 411 3004 Ista,
434 2933 573 2992 Maronei
593 2953 670 3008 quos
693 2936 780 2993 afflat
801 2934 925 3010 spiritus
949 2936 1055 3006 oestri,

336 3016 448 3076 Utilius
472 3020 551 3078 seris
573 3020 711 3078 miranda
729 3020 893 3095 nepotibus
917 3019 1015 3076 edent.

334 3099 404 3159 Nos
427 3103 556 3163 humiles
578 3104 708 3176 animae,
731 3105 798 3179 quis
819 3103 940 3163 solvere
961 3103 1139 3178 quaestibus
1159 3123 1212 3161 ora

335 3185 396 3243 vix
418 3186 517 3261 datur,
538 3189 663 3247 inferias
686 3208 827 3266 magnae,
843 3207 919 3264 quas
931 3206 1109 3264 possumus,
1125 3191 1249 3266 umbrae

336 3269 494 3344 Libamue,
517 3281 624 3332 tenues
648 3292 803 3344 numeros,
828 3274 1006 3348 defectaque
1030 3275 1132 3346 verba,

336 3353 476 3432 Singultu
497 3359 613 3418 medias
634 3360 871 3433 interrumpente
893 3360 1046 3435 querelas.

378 3441 500 3518 Ergone
523 3451 564 3516 te,
588 3445 635 3501 cui
658 3453 704 3502 tot
725 3442 843 3520 creperi
862 3444 1039 3502 discrimina
1058 3443 1166 3501 Martie

335 3524 514 3598 Cesserunt,
540 3529 633 3588 toties
659 3528 732 3588 belli
754 3529 878 3587 fortuna
899 3530 1046 3605 pepercit,

335 3610 423 3668 Lecti
443 3611 538 3670 invita
559 3614 657 3687 quies,
679 3624 709 3671 et
730 3614 833 3690 segnis
850 3615 960 3672 inertia
982 3613 1081 3671 morbi

334 3696 492 3755 Abstulit?
511 3698 667 3756 occiduum
689 3699 828 3772 quamvis
852 3699 907 3758 tibi
927 3707 1066 3775 vergeret
1087 3716 1207 3769 aevum,

335 3781 375 3840 Et
398 3791 536 3857 quartum
557 3791 603 3840 ter
625 3783 730 3858 quinta
750 3793 871 3862 urgeret
893 3783 1055 3860 Olympias
1075 3801 1204 3840 annumt
1227 3809 1229 3813 ·

336 3863 447 3926 Sobria
471 3877 501 3925 te
522 3869 662 3926 iuvenem
683 3868 817 3926 faciebat
838 3870 901 3926 vita
923 3868 1029 3941 rideri,
