3000 4725
660 572 744 653 erc

232 762 399 821 Defunctne
423 762 497 821 abiit
517 761 659 823 lacrumis
683 772 713 823 et
733 762 874 822 luctibus.

232 846 354 907 Teucer.
404 846 486 919 Heu,
507 848 575 905 heu.

231 930 282 991 Ch.
324 931 443 991 Audita
464 931 574 991 Teucri
593 952 664 1006 vox,
686 932 760 991 mihi
780 940 813 989 ut
835 932 953 991 videor:
973 942 1049 992 tace.
1146 928 1197 985 97⁵

229 1016 322 1075 Porro
340 1017 468 1092 quiritat
490 1035 612 1077 carmen
633 1017 723 1075 affine
747 1017 817 1075 huic
838 1016 930 1077 malo.

230 1100 302 1159 Teu.
345 1102 374 1163 Ο
398 1102 493 1159 frater
512 1102 602 1175 Aiax,
626 1122 644 1160 o
665 1102 739 1161 mihi
761 1120 864 1161 carum
887 1111 983 1178 caput.

229 1185 310 1245 Itane
331 1187 405 1244 alea
427 1186 526 1246 omnis
547 1187 637 1259 iacta,
668 1196 700 1245 ut
719 1205 824 1246 omnes
843 1187 1019 1245 autumant?

229 1268 281 1329 (lh.
326 1276 442 1333 Actum
456 1281 516 1331 est:
540 1272 661 1344 viride,
674 1272 756 1345 quod
772 1272 863 1345 scias,
878 1272 1007 1345 Tenere,
1027 1272 1146 1331 oceidit.

229 1354 300 1414 Teu.
325 1357 354 1417 O
379 1376 533 1433 asperam,
553 1375 733 1434 gravemque
755 1358 906 1415 fortunam
927 1360 1039 1416 meeml
1163 1364 1215 1418 980

229 1437 280 1497 Ch.
324 1441 371 1502 Ut
393 1450 464 1499 nata
482 1460 530 1499 res
551 1450 607 1500 est.
652 1440 728 1500 Teu.
753 1442 823 1500 Heu
835 1442 1013 1520 ego-miser!
1036 1441 1146 1500 miser!

230 1522 280 1582 Ch.
325 1525 1146 1603 Planegemendumest.TemOgravisaimummaluml

229 1606 280 1667 Oh.
326 1611 720 1685 Hoc‚Teucre‚verumeet.
752 1611 907 1673 Teu.Heu
919 1614 1031 1671 miseri
1053 1611 1145 1686 quid?

228 1692 313 1753 Illius
333 1696 367 1754 in
393 1716 454 1771 quo
478 1695 607 1755 Troadis
631 1696 706 1755 eitue
729 1696 799 1755 loco
823 1698 891 1755 eet?
1052 1697 1145 1772 [filius

228 1776 280 1837 Ch.
311 1780 418 1840 Ellum
433 1782 525 1841 intua.
567 1780 642 1839 Teu.
655 1780 745 1839 Illum
759 1798 848 1855 quam
860 1788 966 1858 potest
976 1782 1131 1841 celerrime
1145 1794 1196 1847 985

228 1860 293 1921 Huc
313 1858 402 1939 intus
426 1866 511 1938 educ,
535 1865 660 1942 nequis
683 1877 715 1923 ut
734 1866 867 1925 catulum
888 1867 1008 1925 unicum

228 1947 328 2009 Orbae
348 1952 478 2011 leaenae
501 1950 667 2010 malevolus
689 1970 798 2026 rapere
820 1960 953 2025 occupet.

228 2034 298 2092 Abi:
319 2044 484 2097 movete:
511 2054 607 2094 curre.
630 2054 699 2099 nam
720 2036 890 2093 iacentibus

230 2117 345 2180 Omnes
369 2121 495 2180 student
513 2140 547 2180 se
566 2120 694 2179 mortuis
714 2120 852 2180 illudere.

230 2199 281 2260 Ch.
327 2205 394 2266 Sed
415 2206 512 2263 adhuc
535 2212 565 2263 et
586 2205 665 2263 idem
688 2206 775 2265 vivus
797 2206 843 2263 illi
868 2205 973 2265 sedulo
1144 2221 1197 2274 990

229 2284 339 2349 Curare
361 2291 420 2349 tibi
439 2290 604 2364 mandevit,
628 2298 660 2347 ut
680 2310 767 2349 curas
788 2291 921 2368 quidem.

230 2371 303 2434 Teu.
339 2377 369 2437 Ο
386 2378 516 2434 omnium
532 2395 760 2450 unquam‚quae
768 2378 888 2452 quidem
902 2378 999 2436 oculis
1008 2377 1144 2450 viderim,

230 2454 443 2533 Spectaculum
463 2461 715 2520 horridisaumnm
737 2471 769 2520 et
785 2463 1017 2539 gravissumum.

231 2541 255 2601 0
276 2556 402 2621 praeter
422 2565 538 2619 omues,
560 2565 635 2621 quas
657 2547 810 2623 profectus
833 2567 900 2606 aum
922 2548 1060 2618 autchac,

230 2625 372 2691 Laedens
394 2651 493 2690 meum
516 2651 566 2689 cor
588 2649 731 2690 maxume
753 2632 829 2690 haec
849 2632 1006 2706 profectio,
1145 2647 1195 2701 995

228 2709 495 2790 Postquamtuae,
518 2717 608 2788 Aiax,
629 2716 736 2775 mortis
757 2725 854 2774 atrum
877 2718 1018 2774 nuncium

231 2793 330 2875 Sensi,
358 2803 523 2876 insequens
546 2809 664 2873 cuncta,
693 2808 783 2875 atque
803 2801 959 2877 vestigans
983 2809 1058 2859 cate.

229 2879 307 2943 Nam
330 2888 409 2945 citus
432 2889 581 2946 Achivdm
604 2894 704 2944 caetra
723 2886 958 2962 pervolgaverat

230 2964 274 3025 Te
292 2972 357 3030 iarn
381 2973 498 3047 perisse
519 2991 632 3043 rumor,
653 2979 686 3028 ut
705 2970 776 3041 Dei,
799 2971 951 3044 frequens.

231 3050 316 3127 Quae
336 3077 403 3116 cum
426 3058 518 3116 miser
539 3056 722 3133 longinquus
745 3055 879 3114 audirem
899 3055 1014 3133 procul,
1146 3074 1213 3128 1000

230 3137 352 3201 Absens
376 3144 548 3219 gemebam:
571 3159 651 3200 nunc
672 3140 779 3201 videno
799 3160 893 3217 pereo
915 3140 1005 3198 male.

230 3220 277 3280 Me
295 3228 454 3286 miserum!

230 3303 338 3370 Velum
359 3311 455 3384 aufer,
475 3331 562 3370 omne
583 3321 626 3384 ut,
649 3311 790 3386 quicquid
807 3319 865 3383 eet,
884 3311 1001 3370 videam
1022 3310 1142 3369 malum.

232 3389 258 3449 0
282 3395 349 3454 dira
371 3397 489 3471 speciae
513 3405 684 3474 perpetrata
706 3396 860 3468 atrociter,

232 3472 311 3548 Quot
334 3482 425 3540 eorde
450 3501 538 3540 curas
561 3483 708 3541 obserans
727 3482 851 3540 moreris
874 3479 969 3539 mihi?
1146 3499 1211 3553 1005

232 3557 314 3632 Quae
333 3587 413 3626 nunc
432 3567 521 3626 adibo
542 3567 657 3644 regna?
679 3585 757 3641 quos
779 3565 919 3625 homines
939 3568 1059 3641 petam?

233 3641 286 3704 Oui
312 3671 375 3710 non
397 3660 448 3710 tun
469 3654 502 3710 in
523 3672 557 3710 re
579 3671 713 3727 crepera,
739 3652 847 3724 amice,
867 3651 1015 3711 iuverim?

232 3725 377 3794 Telamon
399 3756 496 3810 meus,
518 3744 646 3812 tuusque
668 3737 834 3794 communis
856 3744 941 3812 pater

234 3811 344 3882 hema
368 3841 427 3895 me,
447 3832 478 3880 et
496 3823 585 3882 hilari
603 3822 704 3883 fronte
722 3822 861 3880 reducem
881 3821 999 3880 scilicet
