3000 4725
518 797 557 864 ‘O
580 802 649 885 πρὶν
673 803 721 864 ἀεὶ
740 799 890 885 Βρομίου.
1093 808 1166 871 ud?

217 955 220 961 Ι
258 886 308 945 Illa
329 888 415 965 prius
435 888 563 954 Bromio
583 890 718 951 titubans
742 890 872 967 vestigia
892 908 972 963 rure,

294 972 350 1030 Ille
373 992 473 1037 comas
493 974 623 1033 Bacchis
644 975 816 1051 semicaper
837 972 978 1049 Satyrus,
1026 1011 1028 1024 ›

256 1057 298 1115 Iiu
317 1059 406 1133 paria
425 1067 529 1119 aerata
547 1060 705 1118 devinctus
726 1058 874 1137 compede
897 1076 995 1132 crura,

246 1217 249 1223 ι
291 1136 381 1201 Nunc
402 1152 475 1201 nato
498 1144 639 1204 Thetidis
660 1144 791 1206 fabricat
811 1162 897 1203 arma
917 1142 1013 1208 Deae.
1055 1198 1058 1207 .

254 1223 321 1285 Non
344 1228 467 1304 quidem
489 1230 633 1287 honorato
654 1230 829 1307 defungitur
847 1228 899 1293 ille
920 1228 1035 1302 labore,

292 1312 353 1372 Sed
370 1313 512 1372 miseram
530 1314 587 1376 huc
607 1314 701 1375 vitam
721 1314 857 1383 sustinet
879 1321 944 1376 arte
966 1332 1064 1379 suam.

506 1477 571 1543 Hoc
595 1501 645 1541 σοι
664 1483 749 1541 κεῖνα
765 1478 912 1541 κύπελλα.
1089 1484 1162 1549 aa?
1238 1550 1241 1553 ,

252 1562 336 1623 Nunc
357 1565 411 1624 ubi
435 1572 506 1624 sunt
525 1567 648 1639 calices,
671 1567 722 1624 ubi
744 1586 822 1643 quos
844 1565 976 1624 iaculare
997 1566 1122 1628 solebas

290 1650 441 1729 Thyrsos,
466 1658 496 1715 et
516 1660 616 1727 pctus,
630 1652 741 1711 Fauuc
761 1650 892 1728 petulca
913 1651 977 1708 tui?

252 1733 323 1808 Quis
348 1737 441 1801 limae
461 1736 612 1795 admovit?
630 1738 699 1814 quis
722 1736 831 1795 vinclis
853 1735 951 1795 induit
971 1736 1079 1801 artua?

290 1820 389 1896 Quem
410 1820 525 1884 Bacchi
543 1840 637 1883 cunas
659 1821 848 1883 conuoluisse
868 1821 978 1885 feu-unt.

250 1901 425 1981 Paupeeies,
447 1906 590 1981 durisque
612 1926 724 1984 urgens
744 1907 776 1965 iu
797 1906 888 1971 rebus
910 1912 1044 1983 egestus,

288 1990 427 2053 Vulcano
449 1991 563 2051 fumum
586 2012 634 2050 me
653 1993 758 2053 bibere
780 1990 834 2051 illu
854 1989 946 2059 dedit.

541 2153 738 2239 Ἐθραύσῦης
761 2158 863 2240 eiiciet.
1089 2160 1160 2227 att

250 2241 411 2309 Pdtautum
433 2245 466 2309 in
485 2244 555 2306 rixa
577 2244 724 2321 euepuisti
743 2244 851 2316 fracta,
875 2250 1018 2319 tuumque

287 2330 405 2391 Fudisti
426 2338 486 2393 tcto
506 2337 622 2403 ventre,
643 2329 765 2407 lagena,
783 2348 908 2394 merum.

249 2414 364 2491 Aspera
384 2435 454 2473 nam
472 2417 540 2473 saxi
560 2415 607 2474 vis
628 2417 746 2474 eminus
767 2415 872 2473 incidit
889 2416 921 2472 in
944 2423 985 2487 te,

286 2500 360 2560 Non
383 2501 477 2573 Iovis,
500 2508 533 2563 et
552 2500 633 2559 Iovii
652 2501 749 2560 missa
771 2507 896 2578 repente
916 2518 1017 2557 manu.

249 2580 401 2658 Riserunt,
424 2585 516 2645 ictam
533 2585 583 2659 qui
603 2592 633 2643 te
651 2586 755 2644 videre
780 2583 916 2656 sodales,

287 2671 326 2728 Et
344 2671 447 2730 sonuit
463 2670 563 2730 mistis
582 2670 714 2747 plurima
736 2672 826 2728 turba
847 2670 935 2728 iocis.

249 2748 313 2813 Non
335 2775 392 2834 ego
408 2763 442 2813 te
460 2755 582 2818 doleam
608 2755 762 2824 Bacchum
785 2754 955 2830 peperisse,
978 2753 1119 2830 Lageus:

287 2838 356 2900 Hoc
377 2840 473 2898 fatum
497 2837 638 2899 Semelae
658 2860 713 2916 par
736 2839 794 2902 erit
814 2846 903 2913 atque
923 2837 987 2902 tibi.

523 3004 648 3088 Χρυσὸν
672 3005 750 3088 ἀνὴρ
774 3004 884 3087 εὑρὼν.
1087 3005 1158 3067 afli

251 3087 374 3163 Quidam
387 3113 462 3152 auro
475 3094 598 3154 inuento
611 3093 755 3170 laqueum
767 3091 884 3150 abiicit:
897 3089 975 3151 auter
989 3088 1041 3154 ubi
1053 3108 1159 3154 curum

287 3176 359 3237 Non
379 3179 503 3256 reperit,
525 3179 620 3237 nectit
639 3197 727 3254 quem
748 3176 864 3254 reperit
880 3175 1030 3250 laqueum.
1079 3223 1084 3236 ,

495 3341 549 3411 Εἰς
563 3340 677 3406 Ῥόδον
700 3345 728 3406 εἰ
748 3341 888 3406 disicet.
1109 3345 1158 3429 β6

250 3425 353 3491 Utrum
371 3432 511 3492 adeunde
533 3431 658 3492 Rhodos
684 3432 842 3491 consultus
862 3428 1043 3505 Olympicus
1065 3449 1160 3511 augur

289 3513 515 3593 Solvendaeque
536 3519 617 3578 foret
639 3536 716 3591 quae
737 3518 787 3578 uia
809 3522 873 3577 tuta
894 3514 963 3586 rati,

251 3593 295 3656 Sit
308 3602 441 3678 primum
458 3622 537 3663 nova
558 3603 657 3675 navis,
678 3603 732 3660 ait:
756 3601 912 3661 discedere
938 3600 1044 3668 bruma
1122 3620 1124 3626 ’

289 3683 395 3759 Parce,
419 3686 474 3746 s'ed
494 3688 612 3746 aestivo
632 3687 733 3745 sidere
755 3685 823 3744 vela
843 3686 923 3746 dato.

251 3761 315 3828 Hoc
332 3773 410 3830 bene
434 3774 462 3831 si
482 3773 576 3844 faxis,
599 3772 656 3829 huc
676 3772 734 3829 ibis
757 3779 850 3842 tutus,
874 3777 905 3828 et
923 3768 1007 3841 illuc,

290 3851 323 3914 Si
344 3877 408 3916 non
431 3857 538 3934 piratis
559 3857 650 3916 obvia
671 3856 785 3934 praeda
807 3855 956 3998 venisiv
