3000 4725
645 656 791 751 A

264 824 380 883 Revisit
402 842 504 900 opere,
529 824 724 899 moribusque
745 825 947 897 commendat,

264 910 302 970 Ut
324 910 496 987 cognitores
519 910 580 969 sint
603 928 689 967 suam
708 909 805 966 vicem
827 909 955 967 illarum.

262 995 355 1053 Istum
379 993 500 1053 modum
521 995 721 1066 Moncaudus,
747 994 803 1051 hos
826 994 917 1052 habet
936 996 1015 1055 vitae

262 1079 445 1138 Moncaudus
467 1086 562 1151 astus,
588 1079 649 1137 ista
670 1078 730 1137 vita
751 1079 925 1136 Moncaudi.

263 1163 345 1224 Gens
367 1164 535 1221 navitarum
559 1182 638 1221 vana
664 1164 889 1237 Lusitanorum,

263 1250 343 1325 Quid
365 1268 421 1307 vos
444 1250 586 1324 parandis
610 1249 720 1325 opibus
740 1248 851 1306 inmori
871 1248 971 1325 cogit?

264 1334 450 1393 Moncaudus
474 1334 582 1391 horum
606 1334 649 1391 nil
672 1334 802 1409 paravit,
825 1342 855 1390 et
873 1334 955 1403 vivit.

348 1428 477 1493 Scriptum
495 1429 574 1478 Anno
594 1426 661 1479 1569
681 1428 853 1478 Montalbani.

565 1568 613 1625 16.
657 1570 696 1625 In
718 1568 871 1641 quendum.

265 1650 330 1721 Illo,
352 1669 429 1708 novo
454 1650 505 1728 qui
525 1658 554 1708 te
578 1651 709 1728 signavit
729 1651 853 1710 nomine
871 1649 1000 1726 primns,

301 1734 391 1794 Unde
412 1734 616 1812 Pyranthonis
646 1736 697 1793 dat
721 1735 777 1794 tibi
799 1754 912 1793 nomen
933 1734 1025 1809 equi?

265 1817 335 1878 Sive
358 1839 454 1896 equus
476 1822 508 1878 in
533 1840 626 1887 sensu
651 1828 816 1897 spectetur,
840 1820 904 1879 sivo
924 1818 1111 1894 Pyraethon,

304 1902 500 1964 Conveniens
523 1926 584 1963 non
606 1913 653 1965 est
673 1906 736 1978 ille,
756 1905 805 1964 vel
829 1904 892 1976 ille,
914 1904 979 1963 tibi.

264 1989 362 2063 Quum
383 1997 466 2049 totns
490 1991 532 2049 sis
554 2010 629 2064 nox,
651 1991 775 2065 quinam
798 1997 883 2065 potes
898 1989 1176 2067 eseePyraethon?

304 2075 464 2151 Quumque
485 2076 602 2148 asinus,
625 2075 693 2151 quis
716 2084 747 2135 te
769 2075 834 2133 iure
856 2074 972 2133 vocarit
993 2074 1122 2150 equum?

270 2228 316 2284 17.
360 2227 547 2285 Acesinum
572 2226 643 2285 Ocni
665 2230 794 2303 praviter
813 2230 961 2285 rudentem
985 2230 1016 2285 ic
1037 2228 1111 2285 aot.
1127 2228 1176 2285 Ti·

265 2314 331 2370 tr'um
341 2313 478 2388 tepentem
492 2332 571 2384 orno,
584 2332 641 2389 pro
656 2331 735 2384 cccc,
754 2315 784 2370 ia
797 2331 882 2372 versu
899 2313 1055 2388 Propertii,
1069 2312 1176 2390 [5,2l]

356 2397 484 2474 Dipnior
505 2399 619 2474 obliquo
636 2401 739 2472 sunem
762 2402 812 2474 qui
837 2407 970 2474 torqueat
993 2397 1080 2456 Ocno.

266 2478 297 2539 Si
316 2481 417 2539 Titius
440 2482 529 2554 tollit,
550 2482 600 2557 qui
625 2490 655 2539 te
677 2484 756 2540 bene
776 2490 912 2559 paverat,
936 2482 1072 2554 Ocnum;

306 2567 389 2644 Ergo
408 2574 492 2624 tuam
514 2567 613 2626 Titius
636 2576 743 2644 pascat
765 2568 861 2626 aselle
880 2567 1002 2626 famem.

292 2728 335 2785 18.
384 2731 423 2785 In
445 2727 613 2798 Bumetum,
649 2731 698 2804 qui
726 2713 792 2786 cuod
821 2736 919 2786 versus
939 2748 997 2804 pro
1030 2732 1157 2806 antiquis

293 2822 491 2889 supposuerat.
518 2811 638 2886 [Muret.
648 2811 739 2888 opp.I
755 2813 825 2872 775.
850 2811 978 2871 Scalad
987 2811 1072 2870 Varr.
1084 2818 1095 2871 1
1101 2814 1149 2890 ,2]

267 2896 323 2970 Qui
345 2896 461 2974 rigidae
482 2897 619 2955 flammas
645 2905 783 2956 evaserat
805 2906 875 2954 ante
897 2896 1065 2970 Tholosae,

306 2981 466 3054 Rumetus,
488 2983 589 3042 fumos
611 2981 746 3040 vendidit
769 2981 821 3040 ille
840 2982 922 3040 mihi.

615 3133 662 3194 19.
704 3135 771 3191 Avo
824 3179 831 3192 .

267 3219 411 3276 Arearum
430 3218 461 3275 in
482 3217 576 3277 fundo
599 3154 949 3294 quaecunqdeusrecondit
967 3222 1097 3294 Averna,

306 3302 441 3361 Abstulit
462 3303 539 3361 haec
560 3303 639 3375 aliis,
664 3303 794 3380 denegat
815 3305 883 3381 ipse
905 3305 973 3363 sibi.

507 3464 557 3522 20.
601 3467 779 3541 Improbitaa
801 3467 935 3524 bumana.

268 3545 394 3605 Caetera
416 3567 472 3606 nec
493 3569 596 3607 verum
617 3569 673 3607 nec
693 3549 741 3608 fas
763 3550 929 3608 animantia
949 3557 1076 3609 norunt:

306 3632 418 3691 Verum
440 3642 469 3692 et
492 3635 539 3693 fes
562 3654 640 3693 unus
665 3635 751 3693 novit
774 3641 804 3692 et
826 3636 890 3693 odit
910 3636 1013 3695 homo.

526 3795 576 3854 21.
619 3796 753 3871 Depener
769 3797 914 3854 nobilitas.

267 3874 420 3939 Nobilitas
441 3887 488 3938 est
508 3888 594 3938 veste
616 3881 736 3956 quidem
757 3880 813 3938 tibi
833 3880 968 3939 discolor
989 3897 1007 3938 o
1028 3879 1128 3956 plebs,
