3000 4725
722 600 873 697 j—

379 766 547 826 Versiculis
570 768 692 843 spirans
715 789 778 830 vox
799 772 934 829 animata
952 771 1035 831 tuis?

335 851 463 927 Accepit
483 850 552 911 dios
572 870 592 908 a
613 860 653 925 te,
676 873 751 929 quos
775 856 925 927 redderet,
948 856 1013 928 illa,

379 941 408 997 A
427 936 554 995 Phoebo
574 948 714 1015 acceptos
739 940 841 999 reddis
862 950 896 997 ut
912 941 979 1016 ipse
1001 961 1104 1001 sonos.

399 1106 449 1165 22.
494 1109 534 1165 In
554 1108 766 1183 Inacripte'cuee
788 1111 926 1183 antiquus
947 1111 1017 1169 Iani
1040 1109 1167 1171 Gentem.

337 1190 489 1251 Cadmeas
512 1191 604 1251 iactet
620 1211 674 1250 cur
692 1194 825 1251 mendax
850 1192 982 1252 Graecia
1004 1204 1112 1269 turres,

379 1279 442 1337 Aut
459 1276 676 1351 Amphioniam
697 1296 776 1335 saxa
797 1285 902 1337 secuta
920 1278 1040 1355 lyram?

337 1362 462 1438 Aspice,
485 1362 565 1437 quod
587 1381 715 1439 surgens
737 1382 801 1420 non
822 1381 919 1439 parva
939 1363 1021 1423 mole
1045 1365 1195 1424 theatrum

381 1445 502 1506 Gruteri
524 1446 634 1505 struxit
655 1446 786 1505 daedala
807 1466 879 1506 cura
900 1448 970 1505 mei.

336 1532 443 1607 Usque
463 1540 620 1609 pererrato
642 1538 791 1589 terrarum
815 1533 876 1591 fine
897 1534 1011 1608 petitus
1048 1580 1052 1586 ,

380 1614 520 1676 Cernitur
541 1635 581 1675 ex
604 1616 687 1676 omui
711 1617 859 1693 plurimus
882 1619 953 1675 orbe
972 1618 1063 1695 lapis.

337 1704 499 1762 Armorum
518 1700 568 1759 hic
587 1700 695 1775 titulis,
716 1700 769 1760 ille
793 1712 841 1761 est
861 1702 978 1761 incisus
998 1703 1163 1763 honorum:

381 1786 522 1847 Consulis
543 1786 592 1843 hic
612 1787 707 1864 fulget
723 1787 876 1858 laudibus,
901 1787 954 1845 ille
974 1787 1069 1847 ducis.

337 1870 496 1931 Nobilium
516 1872 655 1930 decorum
679 1880 795 1944 eustos,
817 1870 959 1944 Grutere,
981 1871 1127 1933 Vetustas

378 1956 536 2033 Explicuit
557 1974 667 2015 census
690 1957 722 2014 in
744 1966 798 2015 tua
818 1966 891 2016 vota
913 1975 995 2015 suos.

339 2039 460 2117 Scripta
478 2049 528 2098 tot
547 2040 664 2117 elogiis,
688 2049 734 2099 tot
757 2043 866 2100 dissita
885 2041 1009 2099 sedibus
1029 2042 1112 2114 olim,

380 2126 417 2182 In
437 2123 540 2183 titulos
563 2125 663 2185 laudis
687 2145 768 2183 nuuc
789 2128 890 2185 coiere
913 2134 992 2184 tuae.

338 2292 390 2352 23.
404 2295 443 2353 Ic
452 2295 614 2351 Abrclcme'
627 2294 745 2353 Gerlaei
753 2297 1002 2372 Dactyliothecam
1013 2305 1040 2353 et
1051 2295 1252 2358 emmenum.

340 2378 426 2440 Sicut
449 2381 486 2438 ab
509 2380 618 2442 anellis
641 2380 773 2456 lapides,
796 2390 825 2438 et
844 2383 923 2440 flava
945 2401 1078 2440 sororum
1185 2404 1188 2408 ⁴

381 2464 561 2523 Transferre
582 2465 613 2522 in
636 2465 747 2524 calices
768 2467 891 2525 succina
910 2467 998 2524 ludus
1020 2476 1100 2525 erat:
1172 2493 1175 2503 ·

339 2547 391 2609 Sic
414 2569 431 2607 e
453 2549 588 2608 thesauri
609 2550 708 2608 medio
731 2551 883 2610 Gorlaeus
905 2551 937 2610 in
956 2550 1049 2610 istum

381 2634 449 2694 Has
462 2653 604 2712 ‚gemmas
626 2635 736 2693 librum
758 2637 913 2696 transtulit
933 2637 1002 2713 ipse
1026 2636 1086 2699 sui:

338 2717 381 2779 Ut
402 2739 479 2795 quae
497 2721 549 2779 vix
570 2729 713 2796 poteraut
733 2723 799 2779 auri
819 2721 958 2780 mercede
977 2721 1088 2796 parari,

381 2805 448 2865 Has
468 2804 522 2864 vili
540 2813 644 2881 partas
665 2806 778 2866 Lector
799 2808 925 2865 haberet
944 2826 1029 2883 opes.

340 2891 458 2964 Musae,
478 2909 556 2967 quae
582 2891 679 2949 doctis
702 2893 907 2969 scriptoribus,
923 2901 1014 2968 atque
1034 2890 1147 2949 libellis

381 2977 421 3034 Et
444 2977 536 3034 decus
560 2984 589 3032 et
611 2975 730 3034 laudem
754 2978 891 3053 praemia
909 2996 978 3034 rara
999 2976 1089 3049 datis,

339 3059 471 3120 Gorlaeo
492 3081 508 3118 e
530 3062 640 3120 vestris
659 3061 786 3137 gemmis
809 3071 975 3137 properate
998 3079 1154 3120 coronam.

383 3143 438 3205 Sin
461 3145 574 3244 minus,
594 3165 612 3204 e
631 3146 761 3222 gemmis
785 3147 917 3204 instruat
937 3147 989 3203 ille
1012 3146 1086 3204 suia.

339 3311 390 3371 24.
429 3316 470 3372 >In
495 3319 605 3389 prtecos
631 3317 741 3373 Tittler
769 3325 796 3372 et
822 3316 1002 3374 Monimentc
1030 3315 1215 3372 Brubcatiue
1235 3333 1254 3371 c

418 3400 530 3457 Frcuc.
554 3399 692 3458 Sweertto
716 3403 778 3458 cive
798 3401 1015 3476 antwerpiensi
1035 3399 1163 3457 collecte.

339 3483 544 3558 Quaecunque
564 3485 596 3542 in
620 3485 737 3560 patriae
758 3485 968 3560 penetralibus
987 3484 1090 3547 abdita
1110 3483 1220 3558 priscis

380 3567 439 3625 Vel
459 3569 543 3648 saxis
565 3576 707 3645 poterant
727 3589 829 3642 caesa,
852 3570 901 3628 vel
923 3589 993 3628 aere
1015 3569 1086 3645 legi,

338 3650 424 3725 Quae
443 3652 527 3710 nulla
550 3654 678 3726 utilitas,
692 3673 761 3712 non
784 3656 881 3732 gratia
900 3664 981 3712 certa
1000 3654 1153 3724 manebat,

380 3736 462 3795 Dum
483 3751 592 3814 sparsa
614 3740 645 3796 iu
667 3740 759 3798 variis
778 3741 902 3798 sedibus
923 3740 977 3797 illa
1000 3740 1110 3809 iacent,

338 3821 688 3902 Sweert1curalegene
716 3843 825 3901 corpus
847 3824 995 3883 conduxit
1010 3824 1042 3881 in
1065 3842 1168 3894 unum,
