3000 4725
615 609 767 707 Q

246 770 340 856 Γέρων
361 772 484 857 δόμοισι
500 774 584 860 ’βοῦς
606 773 780 857 ἀπένθητος
802 773 896 858 μένει.

245 854 265 918 Γ
267 855 491 942 έρωνπίβηκυς
514 858 575 966 οὐχ
595 858 754 922 ἁλίσκεται
775 857 893 967 βρόχιρ,

280 941 433 1006 ἁλίσκεται
459 943 525 1026 μὲν,
549 966 602 1006 συν
624 943 728 1027 χρόνω
752 944 769 1006 δ
805 943 972 1006 ἁλίσκεται.

243 1022 320 1109 Γρᾷ
340 1027 366 1109 ρ
392 1030 409 1091 ι
435 1029 519 1112 μσς.
541 1028 579 1090 τι
603 1029 634 1090 ι’
662 1007 737 1111 ιβ
756 1026 858 1089 ..ιιι
876 1033 931 1091 σε
954 1027 1037 1113 μοι.

243 1105 336 1191 Γήρας
358 1110 485 1180 λέοντος
506 1116 648 1195 κρεῖσσον
669 1051 809 1196 ἀκμαίων
831 1113 958 1196 νεβρῶν.

242 1190 262 1253 Γ
263 1193 360 1256 λυκεῖ’
384 1197 495 1279 ὀπώρα
516 1197 654 1282 φύλακος
676 1195 901 1264 ἐκλελοιπότος.

241 1273 261 1337 Γ
262 1279 381 1342 λῶσσαν
404 1282 459 1364 μὲν
482 1282 589 1365 ἀργὴν,
613 1286 705 1366 χεῖρα
727 1282 756 1344 δ’
782 1281 1019 1384 ἐργάτινχφέρω.

241 1357 343 1443 Γραῦς,
365 1363 459 1433 ἵππος
482 1370 535 1443 ὥς,
559 1365 636 1435 ἕξεις
655 1367 848 1450 χαραδραῖον
871 1387 980 1448 ταφον.

241 1441 260 1505 Γ
263 1447 375 1531 ραφεύς
393 1451 524 1534 ποιητός
544 1448 575 1511 τ’
601 1449 661 1512 είσ’
682 1451 847 1514 ἀνεύθυνοι
869 1449 968 1532 μόνοι.

241 1525 341 1616 Γραφή
365 1556 399 1597 τε
421 1535 473 1596 καὶ
494 1537 647 1602 Λευκαῖος
667 1535 703 1598 ού
727 1534 837 1597 ταύτδν
860 1533 953 1616 λέγει.

241 1608 356 1679 Γυναικλ
380 1645 402 1704 μ
446 1618 582 1698 πίστευε,
606 1621 646 1702 μὴ
672 1619 699 1681 δ’
726 1618 761 1682 ἂν
784 1618 939 1704 ἀποδάνη.

239 1692 259 1756 Γ
261 1704 379 1770 υναικδς
402 1725 489 1786 ομμα
510 1707 573 1772 τοῖς
595 1705 769 1788 ἀκμάζουσι
788 1702 889 1788 βέλος.

240 1776 311 1867 Γυνὴ
334 1789 480 1869 γυναικὸς
501 1787 612 1852 οὔποτ’
638 1788 728 1850 οὐδὲν
754 1786 905 1870 διαφέρει.

239 1861 310 1952 Γυνὴ
335 1872 370 1934 δὲ
393 1871 472 1935 πᾶσ’
498 1872 574 1954 αὐτή
598 1873 669 1935 ’στιν
694 1870 842 1956 ἀρθέντος
863 1871 989 1955 λύχνου.

261 1953 310 2036 Δνὴ
336 1963 510 2042 στρατηγεῖ,
533 1959 585 2020 καὶ
603 1958 678 2040 γυνὴ
704 1956 910 2040 στρατεύεται.

278 2037 364 2102 δοικα
390 2043 496 2126 μωρὸν
518 2042 615 2125 κάρτα
637 2040 815 2125 πυροιύστου
842 2039 947 2124 μόρον.

240 2115 387 2188 Δείκνυσιν
414 2125 495 2209 ἀρχή
519 2126 547 2188 τ’
572 2127 681 2210 ἄνδρα,
703 2127 756 2209 τήν
779 2127 807 2188 τ’
832 2126 930 2208 ἀρχὴν
955 2125 1041 2211 ἀνήρ.

241 2199 415 2294 Δειλότερος
438 2211 541 2273 εἰτοῦ
565 2210 818 2294 παρακύπτοντος
838 2200 957 2293 ἀνέρος.

240 2283 338 2377 Δεινῆς
360 2294 495 2377 ἀνάγκης
516 2294 607 2357 οὐδὲν
630 2294 728 2380 ἰσχύει
748 2295 854 2358 πλέον.

240 2370 332 2440 Δεινοὶ
355 2378 480 2442 πλέκειν
508 2403 555 2443 τοι
578 2380 718 2465 μηχανὰς
738 2380 911 2463 Αἰγύπτιοι.

240 2453 382 2542 Δελφοῖσι
405 2463 504 2531 θύσας
527 2464 619 2534 αὐτὸς
641 2467 762 2549 ὀψωνεῖ
781 2464 882 2549 κρέας.

240 2538 386 2611 Δέσποινα
409 2550 467 2655 γάρ
491 2545 610 2632 γέροντι
631 2550 756 2635 νυμφίῳ
779 2551 865 2632 γυνή.

241 2623 305 2713 Δίκη
328 2633 418 2715 δίκην
437 2656 544 2709 ετικτε,
566 2635 618 2697 καὶ
639 2636 737 2721 βλάβη
763 2635 889 2720 βλάβην.
968 2673 971 2680 -

240 2707 322 2797 Δίκην
344 2718 361 2779 ύ
391 2716 462 2793 έΕει,
484 2716 539 2800 κᾷν
565 2718 635 2787 όνος
654 2720 750 2802 δάκνη
772 2718 859 2780 κύνα.

241 2790 285 2863 Δὶς
308 2740 388 2865 ἑπτὰ
404 2806 536 2886 πληγαῖς
558 2804 737 2871 πουλύπους
757 2801 952 2885 πιλούμενος.

239 2874 285 2947 Δὶς
304 2888 382 2970 πρὸς
397 2888 449 2951 τδν
476 2888 579 2966 αὐτὸν,
603 2888 741 2971 αἰσχρὸν,
763 2885 926 2969 είςκρούειν
948 2885 1046 2948 λίβον.

241 2961 339 3037 Δοκεῖς
359 2968 400 3035 δέ
418 2994 470 3055 μοι
492 2974 543 3034 καὶ
564 2974 673 3057 Λάβδα
693 2971 771 3035 κατὰ
793 2971 864 3038 τούς
883 2970 1044 3054 Λεσβίους.

241 3043 350 3122 Δούλος
369 3058 430 3139 πρὸ
455 3057 582 3131 δούλου,
603 3056 754 3139 δεσπότης
774 3057 834 3139 πρὸ
856 3054 1017 3117 δεσπότου.

241 3127 380 3281 Δραγγινῆς
400 3141 455 3224 μὲν
478 3141 578 3216 αὐλεῖ,
604 3142 755 3226 τεττάρων
781 3140 816 3203 δὲ
840 3139 982 3203 παύεται.

240 3236 295 3361 Ἐρῦ
317 3243 330 3289 ς
350 3224 508 3308 πεσούσης
525 3230 584 3293 πᾶς
605 3226 682 3308 ἀνὴρ
706 3225 875 3295 ξυλεύεται.

240 3375 246 3396 ³
272 3300 304 3363 ἂν
329 3304 360 3368 δ’
385 3306 507 3393 ἔχωμεν
528 3310 672 3395 χρήμαθ’
698 3308 807 3393 ἕξομεν
832 3310 950 3393 φιλους.

240 3378 370 3480 ,Εγένετο
391 3394 443 3456 καὶ
458 3392 626 3477 Μάνδρωνι
650 3396 770 3458 σύκινον
798 3395 926 3478 σκάφος.

240 3462 311 3563 ‚Em
331 3479 475 3556 γυναικὸς
497 3479 589 3561 ύρκον
613 3480 657 3548 εἰς
679 3481 762 3562 ύδωρ
781 3480 903 3563 γράφω.

241 3627 247 3647 ²
272 3556 312 3634 γὼ
333 3563 455 3644 ποιήσω
474 3565 574 3626 πάντα
596 3564 675 3627 κατὰ
699 3562 917 3647 Νικόστρατον.

240 3629 300 3731 ,ΕΓ
324 3640 391 3728 ιβδα
410 3647 461 3709 τὸν
484 3646 611 3730 Σίμωνα
632 3649 684 3711 καὶ
705 3646 810 3731 Σίμων
834 3645 900 3731 ἐμέ.

273 3726 312 3802 γιύ
330 3750 363 3791 τε
386 3730 437 3792 καὶ
461 3730 496 3793 σύ
518 3734 569 3796 τὸν
594 3732 685 3796 αύτδν
709 3732 840 3816 ἕλκομεν
866 3728 966 3813 ζυγόν.

265 3802 320 3871 ἴδ’
343 3812 436 3891 ἄξιος,
460 3820 527 3895 παῖ,
550 3820 604 3899 τῆς
627 3817 658 3879 ἐν
678 3816 787 3901 Ἄργει
810 3818 948 3885 ἀσπίδος.
