3000 4725
679 616 740 677 tul

523 779 720 863 Νεκροδόκον
739 784 894 867 κλιὺτῆρα.
1100 788 1170 867 110

255 868 333 928 Dum
344 869 437 929 Philo
458 870 649 946 sandapilam
669 870 756 931 senio
778 870 879 948 gravis
900 870 1027 933 sedibus
1050 872 1148 949 effert,

291 955 417 1032 Exigua
433 955 538 1014 solitas
560 964 594 1013 ut
618 955 695 1031 stipe
716 962 843 1029 quaerat
865 974 955 1031 opes3

253 1038 370 1099 Iniusto
393 1040 449 1100 sub
475 1040 560 1101 fusce
578 1041 648 1099 ruit.
669 1040 808 1116 proclive
831 1040 962 1099 oeduese

291 1126 483 1186 Momentum
507 1126 594 1184 morti
616 1143 693 1183 oens
713 1133 840 1184 senecta
863 1126 964 1185 debet.

252 1209 302 1271 Sio
320 1229 413 1285 quem
435 1228 530 1287 saepe
555 1229 653 1269 senex
675 1210 745 1269 eliis
768 1217 887 1285 portare
910 1211 1040 1283 solebat,

290 1295 477 1373 Imprudens
495 1296 638 1371 ospulum
658 1295 782 1355 sustulit
803 1296 872 1372 ipse
897 1296 965 1355 sibi.

532 1456 683 1542 Μορτοὶδα
704 1458 758 1540 τὴν
783 1460 888 1542 ἱεραῖς.
1098 1463 1168 1541 γ20

250 1546 365 1605 Mortes
388 1565 477 1620 snus,
500 1566 579 1622 qnae
598 1554 646 1604 tot
665 1547 748 1619 duxi,
771 1547 841 1605 dum
860 1549 924 1606 vite
943 1548 1097 1620 manebat,

289 1632 340 1690 Ad
360 1650 467 1691 saeros
489 1631 603 1690 Bacchi
623 1632 736 1707 pocula
755 1632 847 1709 plens
868 1632 966 1706 loeus,

248 1712 382 1774 Pulvere
403 1737 465 1775 non
486 1717 602 1795 condor
609 1735 618 1786 ;
642 1715 749 1774 tumuli
771 1717 837 1775 vioe
859 1736 951 1775 suave
974 1723 1116 1792 peractae

289 1802 383 1860 Vitae
404 1810 613 1879 argumentum
636 1801 784 1860 doliolum
805 1802 978 1879 impositum
1002 1801 1058 1860 est.

609 1963 633 2027 Τ
634 1971 671 2047 ᾖς
690 1968 810 2047 πολιῆς.
1098 1968 1167 2046 γ20

248 2054 519 2134 Longaevaehsee
527 2053 696 2113 sunthuste
704 2054 996 2131 Meronidoszinque
1008 2054 1168 2131 sepulchro
1210 2114 1212 2119 ,

289 2140 317 2199 Ε
343 2139 431 2198 silioe
456 2148 504 2198 est
523 2139 612 2197 fsbrs
634 2139 772 2216 sculptus
798 2140 836 2198 ab
860 2147 924 2197 arte
947 2139 1036 2197 culix.

248 2224 434 2283 Multibibsx
454 2232 484 2282 et
507 2224 710 2299 multiloquax
732 2244 810 2285 enus
834 2226 909 2283 haee
929 2245 1028 2302 neque
1049 2224 1141 2297 natio,

290 2309 357 2372 Sed
382 2328 481 2386 neque
501 2316 642 2368 natorum
662 2329 798 2388 paupere
821 2319 908 2389 putre
929 2311 1031 2389 gemit.

248 2393 314 2453 Hoo
337 2413 433 2452 unum
454 2403 512 2467 est,
533 2394 615 2470 quod
637 2395 689 2454 flet
710 2397 759 2455 vel
782 2397 872 2457 busto
886 2397 1022 2467 eondito3
1042 2395 1167 2456 Bsooho

289 2481 358 2539 Vas
382 2479 482 2539 habile
503 2481 573 2552 hoo,
596 2480 709 2539 Bseohi
728 2482 811 2556 quod
834 2484 874 2542 sit
893 2483 996 2555 inune,
1022 2481 1125 2559 gemit.

528 2641 675 2728 Μαρωνὶς
695 2647 714 2725 ἡ
739 2645 888 2729 φίλοινος.
1099 2648 1168 2728 l²⁰

247 2731 322 2792 Nex
346 2733 506 2805 doliorum,
526 2734 694 2792 temulente
709 2733 760 2790 hio
782 2735 922 2792 conditur

250 2821 341 2877 Anus
363 2819 509 2877 Maronis.
534 2819 671 2894 sculptus
695 2826 742 2876 est
763 2818 878 2878 tumulo
905 2836 1006 2893 super,

181 2950 182 2953 η
248 2901 438 2978 cunctisque
459 2903 659 2961 noscitondus
681 2903 800 2962 Attious
822 2903 910 2960 oelix.

247 2985 343 3048 Nunc
361 2988 410 3047 vel
431 2987 552 3064 sepulte
571 3007 632 3071 non
655 2989 721 3047 viro
742 2996 794 3046 eut
814 2989 894 3047 nutis
916 3004 1010 3063 super

247 3071 330 3144 Flet,
354 3092 431 3147 quos
452 3073 575 3148 reliquit
596 3092 696 3131 rerum
720 3091 836 3151 egenos
859 3071 1006 3132 omniumr

248 3157 333 3219 Illud
351 3158 404 3216 flet
424 3176 527 3230 unum,
548 3159 628 3234 quod
650 3157 730 3216 calix
751 3158 852 3219 inanis
876 3167 932 3216 est.

506 3320 547 3384 ‘H
569 3319 708 3405 Βρόμιον
733 3322 892 3404 οτέρξαοα.
1097 3324 1167 3401 γ20

249 3409 337 3484 Quae
354 3409 520 3484 Bacchum,
543 3429 633 3487 quom
656 3431 734 3487 quse
756 3412 858 3469 nutrix
879 3411 1044 3468 leoteverst
1063 3409 1133 3484 Ino,

291 3495 369 3554 Plus
390 3494 507 3567 dilexit,
530 3514 608 3560 enus
626 3497 760 3573 garrule,
783 3495 1007 3567 Aristomache,

248 3578 421 3656 Postquam
440 3581 584 3638 mundata
608 3591 656 3639 est
675 3581 802 3653 tumulo,
826 3589 996 3656 terramque
1018 3579 1131 3639 subivit

292 3667 416 3724 Mortns
436 3666 508 3738 ium,
534 3665 630 3724 multo
651 3665 772 3740 iamque
794 3675 922 3744 operato
940 3684 1038 3725 mero:

250 3749 321 3811 Huc
341 3751 457 3823 Minos,
484 3751 538 3823 eit,
560 3751 619 3808 hue
642 3770 750 3810 urnam
772 3747 847 3808 mihi
867 3751 951 3810 defer
967 3751 1101 3824 inanem,

292 3835 336 3894 Ut
358 3854 442 3894 rores
464 3836 593 3895 haustos
612 3857 650 3895 ex
673 3837 844 3895 Acheronte
865 3838 970 3895 lerum.
