3000 4725
619 625 772 722 Q

201 805 203 812 ’
248 793 408 855 coneum
431 793 553 872 opibus,
574 795 686 872 spretis
705 795 910 872 popularibus
929 795 1023 867 suris,

285 879 496 954 ventosaeque
519 879 614 957 fugax
638 880 824 952 ambitionis,
845 880 930 940 obisz

246 965 380 1024 Praemia
402 964 496 1040 quius
510 973 618 1041 quoter
638 966 751 1024 Pioeoe
775 966 895 1025 fuuotus
918 965 1036 1024 olivsez

283 1049 323 1108 Et
343 1049 486 1124 linquens
509 1050 603 1108 animi
624 1053 843 1128 pignoratam
862 1050 920 1108 tui:

245 1133 278 1192 In
299 1133 407 1210 quibus
430 1133 510 1194 bsud
531 1135 586 1194 tibi
611 1153 645 1194 se
668 1134 839 1194 anteiereut
857 1152 933 1208 quos
954 1132 1034 1192 Itula
1051 1142 1136 1193 votes

283 1217 380 1277 Terra
397 1217 494 1290 dedit3
517 1238 574 1280 neo
595 1239 674 1294 quos
697 1219 801 1279 Gellio
821 1227 919 1277 meter
939 1218 1006 1289 siit,

245 1305 421 1380 Aequsbunt
440 1303 562 1381 genium
584 1304 683 1364 felicis
703 1304 861 1376 carminis,
880 1311 911 1361 et
931 1322 1010 1378 que

283 1387 375 1449 Orbis
397 1387 490 1446 hebet
512 1389 612 1448 fumas
635 1389 761 1450 consuis
781 1389 870 1467 signo
892 1395 973 1446 tuae.

244 1473 380 1550 Namque
402 1473 441 1532 ud
464 1491 639 1550 supremum
660 1474 809 1551 perducto
830 1473 954 1551 poetico
973 1472 1093 1532 eulmen

283 1559 318 1617 In
338 1567 369 1616 te
389 1565 461 1630 etot,
484 1577 541 1616 nee
561 1577 619 1634 quo
640 1559 850 1636 progrediatur
871 1559 972 1618 babet.

245 1643 368 1722 imperii
392 1641 493 1700 fueret
514 1643 648 1703 Romani
669 1643 776 1705 Scotio
794 1645 900 1703 limos:

281 1726 417 1788 Romani
439 1727 552 1804 eloquii
575 1727 682 1791 Sootis
703 1729 775 1788 finis
793 1728 860 1786 erit.

398 1894 446 1954 12.
491 1898 688 1974 Epitaphium
709 1897 874 1956 Abrabomi
896 1895 1007 1960 Ortdt't'.

243 1979 323 2057 Quid
346 1979 482 2058 dignum,
508 1981 617 2054 Ortoli,
638 1981 713 2057 quid
724 2000 868 2058 magnum
878 1988 1003 2057 pectore
1013 1995 1158 2056 promam,

282 2067 352 2144 Quo
375 2065 496 2142 possim
519 2067 613 2126 oiseri
632 2067 749 2127 solvere
772 2067 854 2124 iusto
875 2065 947 2124 tuo?

242 2152 405 2212 llxoiturus
426 2169 510 2212 orem
531 2151 638 2212 doctas
661 2152 694 2210 in
711 2151 845 2210 oormiue
868 2149 982 2209 Divssz

283 2235 430 2296 carmina
452 2243 523 2295 sunt
545 2236 661 2298 meritis
683 2236 830 2296 inferiore
848 2236 919 2296 tuis.

199 2388 202 2397 ,
243 2319 469 2402 impendendus
492 2329 558 2381 erut
580 2322 728 2383 Mundust
751 2321 806 2382 ssd
825 2329 948 2399 pectore
963 2319 1109 2379 Mundum

283 2404 419 2484 Cepisti:
442 2404 548 2467 leudes
571 2428 634 2467 non
656 2406 740 2483 ospit
759 2407 813 2466 ille
834 2415 912 2467 tuas.

245 2492 325 2569 Quid
345 2489 476 2549 iselam?
497 2492 606 2552 melius
628 2493 747 2569 oooptis
769 2492 933 2551 desistere:
954 2488 1074 2549 abundo

281 2575 452 2648 Laudatur,
473 2579 523 2637 eui
539 2577 609 2637 lous
629 2577 714 2637 nullu
736 2587 785 2637 sot
803 2594 874 2637 osso
895 2583 1007 2653 potest.

436 2743 483 2803 13.
527 2748 567 2803 Io
587 2748 696 2805 obitum
716 2748 807 2805 Euae
828 2743 968 2804 Purattu.

243 2833 322 2911 urgo
346 2830 413 2903 tibi,
434 2828 572 2903 Putsohi,
593 2850 705 2909 magne
726 2839 758 2889 et
776 2827 936 2907 prseolsro
957 2827 1085 2885 minanti

283 2917 424 2976 Inieoere
443 2915 548 2975 ovidss
570 2916 674 2975 invida
693 2917 757 2974 fatu
775 2912 907 2974 monus?

245 3001 315 3062 Heu
340 3000 393 3061 ubi
412 3008 484 3060 sunt
503 3000 630 3075 fructos,
653 3020 732 3078 quos
753 3020 803 3059 me
823 3017 948 3075 sperare
968 2996 1124 3067 iubebunt,

284 3088 337 3149 Ah
359 3086 505 3145 bostran
523 3104 623 3147 meam
642 3086 766 3145 credulo
784 3094 858 3145 voto
878 3082 992 3143 fidem?

244 3172 301 3233 Ille
325 3169 550 3237 Gsmoeusrum
570 3172 659 3231 uultis
682 3188 852 3249 generosus
873 3170 904 3229 in
928 3167 1024 3228 hortis

285 3254 452 3317 Flosouius
473 3274 490 3313 e
512 3264 619 3315 tenero
639 3276 764 3334 surgere
784 3256 887 3314 iussus
907 3255 1010 3325 humo,

248 3343 342 3402 Ortus
364 3348 394 3399 et
413 3358 580 3417 oppressus
603 3341 692 3400 simul
709 3350 765 3400 est
793 3359 855 3397 uno
877 3340 996 3412 extulit,
1018 3357 1080 3397 uns

287 3424 435 3497 Abstulit,
455 3435 489 3482 ut
510 3444 634 3502 grsnmn
657 3424 828 3495 solstitiale,
847 3424 923 3483 dies.

247 3509 356 3571 Gloria
374 3516 507 3569 moturos
529 3512 585 3570 tibi
606 3511 667 3569 ism
687 3510 872 3589 properabat
891 3510 1034 3569 honores:

288 3594 425 3675 Ingeniis
449 3598 568 3673 mugnis
588 3596 650 3655 ium
669 3594 849 3654 metuendus
871 3612 950 3653 eras.

249 3680 314 3739 Iam
333 3680 389 3739 tibi
409 3678 539 3741 deourso
562 3680 662 3758 spatio
682 3681 730 3739 vis
750 3678 869 3737 fervida
890 3680 1000 3738 mentis

291 3764 467 3845 Stringebst
489 3774 587 3825 metas
608 3766 755 3825 interiore
778 3772 853 3821 rota.

249 3849 315 3910 Iom
335 3848 534 3931 promittebat
555 3851 676 3910 isoilem
696 3849 833 3908 Victoria
853 3849 1002 3925 pslmomz
