3000 4725
725 600 879 695 jes—

348 769 420 828 Τοῦ.
442 766 513 827 Non
534 768 634 827 credIs
646 772 769 829 sutem?
800 770 850 829 ni.
872 770 937 829 Iam
952 768 1042 828 nimis
1053 768 1185 845 loqueris
1199 769 1254 827 diu.

349 854 421 913 Tse.
443 851 524 912 Num
545 853 637 911 timor
655 852 766 934 adegit.
798 857 848 916 Αἰ.
868 855 955 913 Intus
976 854 1055 912 hanc
1072 854 1225 913 includite.

349 939 421 997 Tec.
444 937 591 1015 Reprime
604 946 646 1011 te,
658 942 774 999 amabo.
797 940 846 1000 Αἰ.
870 939 970 1001 Stulte
987 958 1059 999 vero
1072 960 1107 1001 es
1119 940 1257 1011 foemina,

280 1023 332 1077 595
351 1022 386 1085 si
407 1041 485 1082 nuuc
508 1042 631 1083 movere
654 1027 771 1103 cogitas
795 1027 928 1085 animum
947 1044 1054 1083 meum.

687 1110 818 1186 Stropha
840 1110 932 1171 VIII.
973 1163 975 1168 .

350 1192 406 1253 Ch.
449 1192 582 1251 illustris
605 1190 748 1269 Salamis,
772 1196 861 1255 besta

350 1278 399 1336 Tu
420 1295 499 1335 nunc
517 1277 676 1350 habituris,
700 1289 731 1339 et
750 1280 828 1338 felir

351 1362 488 1434 Cunctis,
509 1361 698 1436 celebrisque
720 1366 846 1425 cunctis.

349 1448 417 1527 Ego
439 1454 550 1519 entem,
574 1465 640 1524 ego.
662 1448 767 1508 imma-

351 1552 405 1591 ·ne
427 1540 544 1608 tempus
567 1531 652 1604 ebiit,
673 1536 768 1595 miser

350 1618 400 1676 iix
421 1636 481 1693 quo
502 1617 552 1674 hic
573 1616 676 1677 Idaeis

350 1704 388 1761 In
412 1702 547 1779 pascuis,
568 1700 660 1776 inque
683 1706 776 1763 ubere

351 1787 479 1846 Nutrice
501 1804 626 1864 gregum
648 1806 786 1863 perennc
807 1788 911 1861 herba,

351 1873 502 1931 Morsrurn
524 1871 697 1947 impatiens,

351 1958 464 2017 Melam
490 1974 574 2032 spem
596 1956 748 2018 refovens.

354 2041 389 2104 si
407 2040 527 2118 quidem
549 2039 617 2113 erit,
638 2052 673 2103 ut
691 2062 779 2121 agenr
802 2043 851 2100 hic

351 2127 466 2186 Procul
491 2126 620 2184 enimam

352 2214 531 2282 Inhonorus,
555 2228 677 2286 exspes.
978 2240 984 2247 ·

651 2296 845 2373 Antistrcpda
869 2295 969 2353 XIII.

355 2381 438 2457 Quin
459 2387 490 2437 et
510 2379 658 2456 perditus,
680 2401 772 2459 aeger
793 2382 873 2440 Aiax

353 2466 398 2526 Mi
420 2483 492 2523 cura
513 2463 647 2523 secunde
666 2467 815 2545 inhaeret,
836 2466 914 2543 proh

352 2550 467 2610 Divino
489 2549 620 2626 agitatus
644 2558 742 2625 cestu,

353 2636 512 2695 Profectus
534 2653 572 2691 ex
593 2641 623 2691 te

354 2721 503 2792 Antehac,
522 2719 607 2795 prius
630 2718 752 2798 inclytis

355 2805 558 2883 Praepollens
578 2805 685 2864 armis:

356 2892 448 2951 Nune
472 2890 559 2948 arius
581 2890 692 2949 mentis
712 2908 787 2948 suae

358 2976 429 3039 Suis
452 2975 539 3035 dolor
561 2974 663 3033 extitit
683 2993 822 3052 mugnus.

352 3063 466 3142 'Priora
483 3059 645 3118 omnidomi

357 3147 423 3205 Viri
446 3154 535 3223 geste
554 3163 645 3202 mauu

356 3230 532 3290 Memoritcr
553 3229 653 3287 animo

281 3314 284 3324 '
357 3316 490 3392 Profuga
509 3313 598 3372 mulis

359 3400 502 3460 Cecidere
522 3398 647 3458 Atridis.

656 3484 685 3542 2.
707 3480 838 3558 Strcpda
857 3480 978 3538 XIIII.

360 3568 422 3630 Sed
444 3586 510 3626 eum
529 3569 688 3627 vetustatis
1025 3569 1028 3576 '

360 3653 471 3715 Obsita
490 3659 638 3728 tempore,

360 3739 453 3800 Canis
475 3744 506 3795 et
525 3738 613 3794 annis

346 3823 485 3886 ‘Audibit
501 3841 577 3880 enus
597 3838 709 3898 pareus
733 3821 813 3878 hunc
