3000 4725
581 611 730 705 Q

215 768 401 850 Giganticidis
424 776 595 855 interempti
619 778 745 856 spiculis

213 858 251 915 Ab
270 858 362 934 hoste,
389 861 485 921 obibit
506 874 602 921 morte
625 864 774 923 communi
796 865 875 925 diem

212 940 282 1002 Falis
303 946 341 1004 ab
362 946 433 1006 altis
455 947 493 1004 ad
516 948 645 1006 cadaver
664 950 801 1008 saucium
1127 950 1161 1006 ⁶5

213 1023 312 1103 (lorpus
333 1032 422 1089 ruina
443 1049 584 1090 cernuum
607 1034 638 1091 iu
661 1051 810 1113 praeceps
833 1056 943 1097 ruens:

211 1110 243 1168 Et
262 1122 331 1172 tunc
353 1116 485 1175 recentis
505 1117 566 1176 icta
586 1136 688 1178 amore
712 1121 830 1194 mortui,

210 1194 263 1254 lam
281 1199 444 1277 palpitanti
465 1202 603 1280 spiritum
622 1204 737 1263 efflabit
760 1205 831 1264 viro.

210 1277 319 1359 Duplex
342 1292 427 1345 tuum
446 1286 616 1364 triplexque
639 1287 752 1348 bellum
778 1308 948 1367 conqueror

209 1366 248 1422 Ad
264 1387 347 1427 arma
367 1390 473 1431 rursus
497 1380 526 1430 et
545 1373 671 1449 rapinas
694 1374 824 1450 aedium,
1128 1378 1163 1431 70

210 1448 315 1527 Tuique
338 1462 368 1513 te
391 1456 491 1534 ignem
513 1465 658 1516 contuere
677 1458 833 1519 incendii·
937 1460 1110 1539 [contuear]

209 1530 267 1593 Heu
286 1540 397 1615 patria,
420 1548 449 1599 et
471 1560 527 1601 vos
550 1543 639 1601 busta
659 1545 722 1602 nati
742 1545 908 1604 Atlantidis

209 1620 348 1683 Audacter
366 1626 517 1684 urinantis
541 1626 625 1699 olim,
649 1646 715 1687 cum
740 1639 808 1689 cute

210 1700 444 1770 succrevimus
468 1730 586 1788 corpus,
609 1720 676 1771 utre
699 1723 832 1788 scorteo,

209 1784 241 1845 Iit
260 1793 354 1869 solus,
378 1804 412 1854 ut
432 1814 506 1873 aper
527 1797 700 1874 quadrupes
723 1796 908 1876 Hercynius,
1129 1802 1163 1856 75

209 1870 442 1955 Rhithymuiates
462 1881 545 1940 navit
565 1890 597 1939 ut
616 1881 698 1940 larus
717 1883 838 1957 fretum,

210 1956 332 2023 Zerinthi
355 1967 472 2024 hiatum
496 1966 620 2044 virginis
643 1966 793 2026 Canariae

208 2040 364 2125 linquens,
388 2050 551 2127 Deumque
573 2058 652 2109 tecta
672 2052 883 2112 Lucumonum
906 2050 1014 2113 Saum:

211 2124 274 2189 Cum
294 2136 458 2195 corruebat
476 2155 594 2193 omnem
619 2137 741 2196 humum
763 2138 930 2216 Diespitris

209 2210 307 2292 Rapax
329 2221 449 2297 aqualis
473 2221 605 2294 nimbus,
628 2229 657 2280 et
679 2230 781 2298 putres
801 2223 870 2283 solo

209 2294 290 2362 Falce
311 2306 491 2366 fatiscentes
512 2305 669 2380 lababant,
693 2315 724 2367 at
747 2327 843 2388 genus

209 2379 363 2451 Hominum
386 2393 511 2449 natabat
531 2392 638 2451 ultimo
660 2395 807 2469 periculo.

209 2469 242 2526 At
263 2474 376 2553 fagum,
400 2485 429 2535 et
447 2476 560 2534 almum
582 2478 721 2551 fructum,
745 2488 775 2538 et
794 2497 883 2537 uvam
906 2485 1055 2538 musteam

211 2551 356 2638 Orcaeque
378 2569 440 2619 tum
462 2561 645 2638 Delphines,
669 2571 759 2638 atque
782 2563 951 2623 masculum

209 2634 316 2704 Phocae
341 2648 495 2706 esitabaut
514 2645 545 2703 in
566 2647 642 2706 toris
665 2648 847 2706 mortalium.

209 2723 294 2788 Adest
313 2733 403 2791 adest
424 2733 477 2789 fax
496 2731 631 2790 involuta
650 2731 788 2790 incendio

209 2804 348 2875 Praedam
372 2817 404 2876 in
425 2815 583 2875 columbae
606 2824 703 2875 morte
726 2815 900 2875 multandae
925 2815 1021 2887 canis,

210 2887 307 2958 Vultur
329 2902 474 2979 palustris
498 2921 586 2977 quam
608 2901 701 2959 edidit
723 2911 791 2962 satu
813 2920 869 2961 suo

211 2973 311 3044 Testae
330 2987 476 3045 rotundae
499 2986 689 3045 convolutam
713 2986 840 3045 fornice.

210 3063 244 3120 At
261 3068 424 3149 hospitalis
445 3071 543 3132 infera
564 3071 646 3129 unda
663 3073 808 3150 remigem

211 3143 248 3206 ΤΘ
269 3157 458 3229 muricidam,
481 3175 537 3214 nec
561 3157 723 3214 bucerdam
746 3158 778 3215 in
798 3156 904 3233 patriis

212 3229 305 3299 Oculis
325 3248 501 3319 prementen
523 3241 659 3319 scrupeis
680 3242 778 3300 adhuc
799 3249 911 3313 manet,

210 3311 245 3376 Ut
264 3334 332 3384 ante
349 3326 582 3405 pulchritudinis
602 3327 692 3384 trium
715 3327 874 3385 arbitrum:

212 3400 265 3464 Sed
283 3430 338 3486 pro
363 3411 534 3489 mapalibus
558 3419 590 3468 tu
611 3411 710 3470 Aselli
733 3411 868 3485 mattiae,

210 3483 244 3545 Et
260 3493 326 3554 Lan
351 3497 464 3556 adibis:
486 3515 541 3572 pro
565 3497 653 3554 boum
676 3496 888 3573 praesepibus,

211 3569 414 3657 Ovilibusque,
434 3600 548 3658 proque
569 3581 692 3661 rustico
704 3581 781 3656 pedo

209 3651 301 3732 ,vehet
321 3666 436 3725 faselus
456 3674 486 3724 te
509 3674 538 3725 et
560 3666 710 3724 Phereclii
730 3665 826 3743 pedes

211 3735 326 3811 Festras
349 3751 507 3830 gemellas,
526 3751 617 3827 inque
639 3749 744 3829 Gythii
765 3751 846 3828 iuga,

212 3820 266 3888 Ubi
284 3837 322 3894 cd
343 3837 490 3897 scabrosa
514 3855 589 3896 saxa
607 3836 754 3912 pandatos
774 3836 862 3895 luens
