3000 4725
729 600 883 697 -24β-

343 764 392 832 Τα
416 766 569 834 όπλυυτος
588 764 665 850 ἀνὴρ
687 764 724 829 οδ
747 764 863 849 γένοιτ’
887 764 924 829 ἂν
948 764 1062 834 δεξιός.

337 790 455 938 Ὀλβος
477 848 549 913 καθ’
571 849 667 913 αὑτοῦ
687 850 786 955 χρῆμ’
808 850 984 913 ἀσόστατον
1008 851 1110 935 φύσει.

346 932 471 1021 Βαρεῖα
492 938 579 1019 μῆνις
599 932 690 998 οὐδέν
728 934 824 999 εἴωθε
848 938 985 998 σκοπεῖν.

346 1016 413 1085 Οόκ
433 1017 496 1083 ἐστ’
521 1018 661 1082 ἀνελθεῖν
683 1018 804 1098 ἐνθάδ’,
825 1018 900 1082 ὅθεν
923 1017 1010 1103 ἔβης,
1032 1018 1122 1103 βαρό.

345 1103 383 1168 T'
404 1102 457 1173 οός
480 1105 634 1187 δημοτῶν,
656 1103 690 1167 τό
711 1104 737 1166 τ’
761 1103 858 1187 ὄμμα,
882 1104 1037 1187 μάρτυρες
1055 1102 1155 1165 κακοί.

346 1188 464 1259 Φιλους
484 1189 618 1252 ἐπαινεῖν
642 1186 775 1272 φανερὰ,
799 1188 959 1253 νουθετεῖν
979 1187 1093 1271 λάθρα.

343 1269 398 1341 Εἰς
419 1272 490 1344 τυδς
511 1272 686 1357 φοβοῦντες
710 1274 725 1336 ό
751 1271 851 1358 φόβος
870 1274 1101 1343 ἀναποδίζεται.

339 1353 447 1426 Ἐλπὶς
471 1356 618 1443 βραβεῖον
638 1356 711 1425 τοὺς
727 1355 844 1425 πόνους
862 1361 1048 1441 παρηγορεῖ.

344 1438 387 1504 Τὸ
410 1442 484 1505 ποῖά
509 1440 645 1526 ἄφυκτον
667 1439 813 1520 δεδιέναι,
836 1443 914 1525 πρδς
937 1439 1086 1525 ἄφρονος.

338 1522 395 1593 Ὣς
419 1524 545 1601 ἄτοπον,
568 1524 674 1609 ἄρχειν
697 1530 758 1588 τῶν
780 1526 889 1601 πέλας,
911 1510 1068 1588 αὐτοῦ’δὲ
1088 1525 1149 1606 μήῖ

344 1606 444 1695 Σκευὴ
468 1608 500 1673 δ’
522 1608 656 1675 ὕποπτόν
680 1608 743 1672 ἐστι
766 1613 830 1679 τοῖς
851 1608 1052 1693 ὠνουμένοις.

345 1690 455 1780 Κίμβιξ
478 1698 608 1757 τοσοῦτο
632 1693 707 1757 θεῖτ’
732 1692 826 1779 ἔχων,
850 1694 924 1757 όσον
948 1693 1006 1757 οόκ
1025 1692 1118 1778 ἔχων.

346 1774 456 1864 Κῖμβιξ
478 1778 494 1842 ἐ
515 1779 608 1853 λιτδν,
631 1778 733 1847 δειλός
754 1777 873 1863 εὐλαβῆ
895 1781 996 1842 καλεῖ.

337 1856 530 1949 Ὗιιαισχρος
552 1860 646 1927 ἐνδεῖ
670 1863 736 1947 ἥτις
758 1862 794 1925 ἐκ
816 1862 908 1945 δόξης
928 1861 1000 1947 ἔφυ.

345 1942 470 2031 Βουλὴν
491 1970 528 2010 τα
553 1950 617 2011 εῖαν
642 1948 816 2029 μετάμελος
837 1944 1030 2030 μετέρχεται

346 2030 458 2117 Φέρων
479 1970 614 2095 παλλιὰν
641 2032 737 2117 όβριν,
761 2031 902 2098 ἐκκαλεῖς
924 2031 1007 2093 νέαν.

344 2113 464 2180 Ψεκτδν
485 2117 583 2179 πάλαι
608 2115 674 2200 μὲν,
696 2121 747 2178 νῦν
770 2115 806 2179 δέ
827 2116 943 2178 flames
963 2113 1028 2178 ἔστ’
1052 2110 1136 2180 ἔθος.

685 2278 924 2347 ΤΡΟΧΑΙΚΟΙ.

336 2361 435 2430 Ὅσον
460 2365 504 2428 ἐνὶ
522 2365 627 2452 κύβοις
637 2367 760 2452 τρίβων,
771 2366 862 2430 τόσον
877 2366 950 2430 ἔσθ’
966 2371 982 2431 ό
996 2358 1244 2453 κυβευτὴςκσκός

345 2449 480 2513 Δόναται
507 2448 575 2513 οὔτ’
598 2451 738 2534 ἀνδρεῖος
758 2451 853 2538 ὕβριν,
877 2451 950 2515 οὔτε
975 2453 1127 2534 γεννάδας
1147 2446 1245 2534 φέρειν.

347 2533 462 2619 Αῖχρος
483 2537 525 2602 ὡς
547 2534 601 2598 εόσ
624 2534 704 2618 ημόν
727 2535 802 2612 ἐστι,
822 2540 881 2598 τῶν
904 2538 1009 2599 καλῶν
1033 2535 1220 2619 ὑπερθανεῖν.

337 2614 443 2687 Ὅστις
464 2618 528 2682 ἐστι
551 2559 648 2705 φυόδς
669 2617 785 2695 ἄοικος,
804 2619 895 2688 οὗτός
918 2619 982 2684 ἐστ’
1003 2619 1125 2705 ἄταφος
1144 2616 1230 2682 νέκυι

346 2698 392 2766 Οὐ
413 2709 565 2786 γυναικῶν
588 2705 790 2787 ἐπιμελεῖται,
811 2705 891 2788 πλὴν
916 2703 1245 2787 δόσελπιςτῇςσχολῇτ

343 2785 517 2874 Ἐπιτυχὼν
537 2790 651 2895 γηρως,
672 2790 769 2873 μάτην
792 2789 901 2857 ποθεῖς
925 2790 1113 2876 ἀνηβάσκειν
1135 2789 1226 2848 πολιν.

346 2869 399 2957 Τῷ
419 2875 523 2957 κράτει
542 2896 682 2941 συνοικυς
703 2873 778 2958 ὀργὴ
804 2873 938 2955 σκηπτός
959 2874 1039 2936 ἐστιν
1064 2869 1203 2953 δξόπληέ.

344 2954 388 3019 Σθ
409 2958 498 3042 χάριν
512 2956 690 3042 εὐτυχοῦντι
700 2958 831 3062 χρήσας,
845 2959 1004 3042 δυστυχῶν
1019 2955 1247 3041 ἀπολαμβάνοις.

340 3040 455 3122 Ἀλγυς
477 3042 508 3104 ἐν
529 3042 675 3128 βασάνοις
698 3039 825 3126 σιφωνόν
848 3041 927 3104 ἐστιν
952 3043 1158 3105 ἀθλιώτατον.

290 3179 296 3198 ,
341 3121 411 3185 ‘th'
439 3125 654 3188 άνυπευθόνου
680 3123 756 3208 μάλ’
779 3125 891 3208 ἀνδρός
914 3126 995 3188 ἐστιν
1015 3126 1161 3210 ὑβρίσθαι
1173 3117 1247 3208 βαρό.

340 3203 427 3269 Ἔστι
446 3208 483 3291 δὴ
508 3211 634 3293 μνήμων
658 3210 772 3272 ἑαυτοῦ
796 3210 812 3272 ό
836 3210 933 3271 ἐλεῶν
956 3212 1008 3273 τὸν
1033 3211 1181 3293 δυστυχῆ.

346 3289 497 3374 Δεύτερος
519 3295 653 3376 ναυηγδς
677 3293 733 3356 οὐκ
755 3291 790 3355 εὗ
815 3315 852 3376 τη
879 3293 1017 3378 θαλάττη
1043 3292 1204 3378 μέμφεται

340 3371 395 3437 Ἐν
419 3378 526 3442 κακοῖς
546 3375 671 3460 θαρβεῖν
693 3376 730 3440 ἂν
756 3375 804 3460 εἴη
827 3379 907 3460 πλὴν
929 3378 1050 3453 ἀθώου,
1074 3374 1210 3460 μηδενός·

341 3456 456 3543 Ὀλβυς
475 3455 514 3520 αὖ
539 3460 648 3542 φίλους
672 3460 765 3538 ἐτεΕε,
787 3460 934 3545 συμφορὰ
958 3463 989 3524 δ’
1010 3461 1178 3546 ἐλέγχεται.

347 3542 452 3627 Θυμδν
474 3539 598 3623 ἔγκοτον
624 3546 783 3628 δαμάζων,
807 3545 957 3628 πολέμιον
980 3553 1049 3631 νικᾷ
1071 3546 1176 3629 μέγαν.

344 3626 467 3711 Εότυχ”
494 3627 596 3687 καλῶν
621 3651 665 3703 σε,
688 3629 765 3691 κατὰ
788 3635 844 3693 σοῦ
866 3633 920 3712 τὴν
942 3628 1036 3715 τόχην
1058 3630 1130 3713 ἐρεσ
1154 3626 1233 3692 ελεῖς·

346 3711 407 3778 Τὸν
433 3733 454 3796 φ
489 3731 521 3771 ον
546 3710 665 3792 κτησαι’
691 3710 726 3774 ἂν
748 3713 863 3797 ἐχθρὸν
884 3717 927 3782 ὥς
947 3717 1155 3798 γενησόμενον
1174 3728 1247 3773 ποτε.

345 3795 425 3864 Πᾶσ’
450 3793 635 3878 ἐπίστροφον
659 3796 792 3880 μεγίστῳ
811 3796 942 3883 κινδόνκρ
964 3801 1167 3883 φυλάσσεται.
