3000 4725
782 608 843 668 302

352 775 456 834 Bobue
475 775 559 833 utin
578 774 741 848 trionibus,

352 861 394 919 Et
415 860 447 917 in
469 860 608 936 capellis,
631 861 752 919 avidum
1308 880 1309 901 ³

352 945 548 1021 Betingerem
567 964 711 1003 eruorem.
1308 920 1309 977 i

354 1028 410 1089 Ch.
452 1028 533 1088 Nam
553 1030 626 1105 quid
645 1030 748 1088 dolere
771 1031 847 1089 haec
867 1030 949 1088 faeta
967 1033 1119 1109 profuerit
1137 1034 1209 1092 tibi?

352 1115 472 1173 Infecta
493 1115 575 1172 fucta
592 1135 651 1173 non
675 1124 764 1173 erunt
780 1124 863 1173 tuam
887 1116 992 1173 vicem.

638 1201 668 1258 2.
691 1201 885 1275 Antirtropha
908 1204 993 1259 IIII.

354 1284 417 1342 Hei
436 1285 571 1343 omnium
591 1294 709 1357 auctor,
728 1285 863 1343 omnium

354 1369 505 1428 Malorum
527 1369 614 1427 faber
635 1389 711 1446 puer
730 1370 872 1441 Laertae,

357 1455 500 1529 Leueque
520 1454 733 1531 publicumque
753 1453 945 1513 mendioimo·

358 1540 469 1597 -niumz
492 1550 525 1597 ut
543 1540 727 1616 triumphas:
754 1548 786 1597 ut
805 1539 985 1597 cachinnos:
1006 1547 1039 1597 ut
1061 1559 1180 1617 crepas.

358 1623 413 1684 ch.
455 1624 569 1682 Rident
583 1624 702 1682 volente
724 1624 855 1699 flentque
873 1624 1019 1683 mortales
1042 1624 1119 1683 Deo.

357 1710 406 1768 Ai.
446 1710 570 1769 Utinam
589 1708 722 1767 viderem
742 1708 827 1767 illum
848 1709 971 1767 obrutus
995 1708 1068 1767 lieet
1088 1710 1188 1769 malis.

287 1806 339 1862 385
356 1794 419 1853 Hei
440 1798 504 1853 me!
525 1794 575 1851 hei
595 1797 658 1853 me!

357 1878 412 1939 Ch.
456 1878 621 1955 comperce
641 1878 752 1937 verbio.
785 1878 897 1951 quoin
919 1886 1001 1937 stetu
1025 1878 1068 1937 sis
1091 1900 1156 1938 non
1177 1878 1259 1937 vides.

664 1964 693 2020 3.
716 1961 910 2037 Antintropha
937 1964 971 2021 V.

356 2048 405 2106 Αἱ.
450 2049 584 2108 Meorum
608 2069 626 2105 o
647 2051 770 2106 atavum
791 2057 889 2124 pater,

357 2131 496 2206 Quonam
518 2142 592 2204 arte,
615 2132 764 2209 Iuppiter,
787 2132 903 2190 vafrum

358 2216 500 2293 Undique
524 2217 690 2275 circitorem
707 2216 766 2274 ini-

288 2306 340 2362 ³90
358 2301 481 2359 ·mioum
501 2301 594 2374 ultus,
616 2309 706 2376 atque
728 2302 816 2358 umbo
836 2302 928 2359 duces

355 2386 469 2446 Malam
488 2395 629 2464 oppetam
651 2387 719 2463 ipse
737 2387 882 2446 montem?

357 2471 430 2531 Teo.
476 2471 510 2532 Si
533 2473 607 2529 haee
627 2471 815 2547 imprecaris,
836 2473 1020 2548 imprecatur
1042 2479 1071 2530 et
1093 2473 1170 2530 mihi

356 2559 501 2617 Mortem:
522 2557 594 2632 quid
613 2575 692 2633 opus
715 2564 763 2615 est
784 2556 847 2615 vite
867 2556 950 2628 mihi,
974 2564 1004 2614 te
1025 2559 1169 2616 mortno?

666 2641 695 2700 4.
720 2640 850 2717 Stropha
871 2641 962 2701 XVI.

356 2728 406 2786 Αἱ.
449 2728 551 2784 Meum
573 2747 591 2784 o
613 2727 688 2788 mihi
709 2727 797 2786 iubar
820 2728 974 2799 tenebrae,
1001 2734 1032 2784 et
1054 2727 1147 2800 Once,

356 2812 426 2871 Lux
442 2813 547 2885 nitida,
569 2811 685 2870 lucido:

356 2896 478 2957 Habete
495 2916 544 2955 me
565 2897 659 2955 vestri
679 2896 825 2968 incolam,

357 2982 487 3042 Habete.
512 3001 569 3039 neo
590 2982 725 3041 Deorum
748 2983 839 3052 enim,

356 3066 466 3143 Neque
488 3067 618 3125 mortale
638 3067 794 3125 hominum

357 3152 433 3210 Mihi
456 3171 552 3229 genus
578 3151 682 3210 videre

357 3235 431 3308 Fas,
454 3236 553 3294 inutili
569 3237 695 3295 eunetis.

359 3319 422 3380 Sed
443 3320 532 3379 ferox
552 3321 636 3380 Iovis
660 3328 764 3398 gnata,
785 3326 910 3396 perpete

358 3404 429 3462 Dee
450 3423 536 3462 eruce
561 3425 609 3463 me
630 3406 764 3464 mulctet.

359 3489 448 3565 Quae
468 3489 558 3566 fugae
576 3489 647 3548 via?

360 3573 456 3648 Quem
476 3574 577 3632 locum
598 3574 728 3652 eligam?

358 3660 535 3733 Postquam,
559 3659 658 3731 amici,
682 3668 712 3717 et
733 3661 803 3733 hoo,
825 3666 854 3717 et
876 3659 935 3718 hoo

358 3744 467 3802 Interit
486 3743 586 3817 simul,

358 3830 536 3904 Venamque
562 3834 716 3903 oepturum
739 3828 865 3908 egimus.
943 3861 945 3868 s
