3000 4725
710 622 864 715 Q

332 792 437 851 Hucce
459 792 534 851 dicis
557 810 670 851 caussa
691 792 888 853 advenientes
911 794 1036 851 nurnine
1057 795 1153 853 amico

332 872 449 939 Mitibu’
472 878 630 954 tctnperiis
647 878 783 937 futantes
804 897 881 937 sone
901 878 1022 936 fluento

333 1048 371 1107 51
488 1048 651 1106 Trieaaalle
667 1048 767 1107 Patris
788 1050 930 1123 suffimen,
952 1058 1095 1105 aromata.

332 1132 401 1191 Huc
419 1132 502 1191 adsis
523 1132 627 1205 Liber,
648 1133 797 1206 Lucumo,
820 1133 1016 1191 celeberrime
1034 1131 1105 1205 Die,

332 1216 475 1288 Torcule,
496 1216 696 1290 Tourilrons,¹
711 1210 778 1277 sate
799 1219 937 1291 fulmine,
962 1217 1072 1295 Nysie,
1094 1217 1215 1293 Faune,

331 1303 439 1361 Matris
462 1303 593 1375 alumne,
617 1305 737 1361 sacrum
761 1311 860 1379 pater,
882 1303 1045 1380 ignivome,
1063 1310 1095 1360 et
1104 1302 1248 1377 Velabre,

332 1385 508 1460 Consentis,
528 1396 685 1461 nocturne,
709 1388 882 1465 geriferule,
905 1396 937 1446 et
956 1388 1095 1460 tutulute,

331 1475 450 1531 Arcune
472 1480 561 1547 atque
578 1472 691 1530 indicte
713 1474 797 1532 lovis
820 1474 923 1549 stirps,
954 1473 1085 1532 Virtrius
1105 1474 1204 1534 idem:

330 1556 517 1635 Primigena,
538 1557 571 1587 *⁴*
595 1564 686 1633 atque
707 1558 809 1616 Deum
830 1566 918 1635 pater
941 1567 972 1616 et
992 1558 1096 1635 stirps.

330 1642 450 1716 Baiule,
469 1642 703 1719 sceptrigeram,
729 1642 941 1719 Saliorumque
966 1644 1072 1703 histrio
1091 1644 1231 1719 praesul,

330 1728 496 1788 Foemineo
517 1728 677 1787 stimulans
701 1727 805 1787 divina
824 1729 957 1787 triennia
978 1737 1076 1787 coetu.

332 1812 511 1889 Terricrepe
534 1820 627 1887 etque·
644 1812 758 1889 Tages,
781 1810 929 1886 Lucetiu',
949 1814 1032 1890 pulle
1055 1813 1198 1886 bimater,

332 1896 499 1971 Solemnis,
520 1904 653 1971 cornute,
673 1898 824 1975 Iugutine,
847 1899 1080 1957 hinnulivestis:

330 1982 467 2055 Insinue,
490 1984 626 2054 Iuturna,
650 1984 820 2056 racemifer,
843 1985 1023 2059 auriquiriti,

330 2068 485 2145 Virginee,
509 2068 643 2127 studiose
665 2068 834 2140 ederarum,
854 2068 956 2127 vinule
971 2069 1081 2141 Liber,

330 2153 520 2215 Fluminibus
541 2154 657 2225 faveas,
675 2154 859 2229 gratissime,
882 2155 1006 2212 floribus
1027 2174 1156 2232 augens.

332 2322 372 2380 52
446 2322 649 2382 Annicersarit
671 2324 812 2398 suffimen,
834 2326 931 2382 amaia
947 2333 1067 2401 practer
1085 2334 1140 2383 tos.
1228 2385 1232 2392 ,

330 2407 430 2466 Elicio
453 2425 545 2482 prece
566 2409 769 2468 tesolemnis
792 2408 934 2467 Tellumo
956 2410 1060 2481 Liber,

332 2491 407 2551 Cum
428 2493 540 2551 teneris
560 2493 670 2551 blande
693 2494 783 2552 simul
805 2494 958 2570 expergite
982 2496 1119 2553 virabus:

331 2576 391 2650 Qui
412 2596 535 2635 numero
561 2579 680 2654 sopitus
701 2579 739 2636 ad
758 2579 837 2636 atria
857 2580 988 2638 Liberae
1011 2583 1164 2651 Avernae,

330 2662 405 2720 Puri
425 2664 569 2740 consopis
591 2673 720 2740 augusta
741 2665 872 2721 triennia
891 2665 979 2724 sacri.

329 2752 430 2823 Atque
452 2748 532 2806 idem
556 2749 683 2817 simulac
707 2749 751 2807 cis
768 2750 850 2807 festa
871 2749 1005 2808 triennio
1028 2767 1147 2821 rursus,

330 2833 428 2891 Dulce
452 2835 514 2892 cies
540 2852 607 2891 cum
626 2834 769 2896 cinctutis
791 2834 950 2892 nutricibu’
974 2852 1106 2905 carmen,

330 2917 442 2994 Vagitu
461 2926 607 2996 vegetans
630 2931 731 2977 coetus
754 2920 940 2978 vortentibus
962 2919 1062 2977 annis.

330 3003 412 3080 Ergo
435 3005 494 3061 hoc
516 3003 709 3080 frugirirens,
729 3005 814 3077 here,
838 3005 986 3082 corniger,
1011 3004 1138 3080 optime,
1157 3003 1251 3082 frugi,

330 3087 532 3146 Pundiculare
555 3107 680 3148 sacrum·
695 3089 791 3161 visos,
815 3089 870 3148 sed
890 3090 1005 3147 lumine
1026 3089 1121 3159 laeto,

330 3173 539 3250 Percoquibus
561 3173 669 3245 sacris,
690 3175 822 3232 aeternis
841 3175 972 3252 frugibu'
992 3181 1120 3231 mamus.

331 3343 371 3402 53
417 3341 542 3414 Silvani,
566 3345 679 3414 Iacchi,
698 3346 878 3402 Brumarrtm
898 3345 1038 3418 suffimen,
1059 3361 1179 3401 maana.

301 3465 306 3468 -
330 3428 410 3488 Audi
430 3447 479 3485 me
501 3428 607 3487 Brumi
630 3430 711 3487 bone
735 3430 902 3487 nutricstor
925 3437 955 3486 et
976 3428 1065 3499 altor,

330 3513 428 3590 Inque
451 3515 538 3572 statis
558 3514 654 3572 saeris
676 3535 739 3572 non
762 3515 869 3573 ultima
891 3532 964 3571 cura
982 3513 1132 3585 Deorum,

329 3599 501 3676 Magnaque
523 3618 595 3656 eura
616 3599 784 3672 bominum,
807 3599 1004 3657 celeberrime
1024 3596 1240 3673 Sylvenorum,

329 3682 490 3760 Hircipile,
511 3691 541 3741 et
565 3701 668 3743 sacrae
692 3685 816 3762 pompei
838 3684 962 3760 praesul
986 3685 1132 3741 honeste:

329 3768 475 3847 Pervigil,
497 3776 587 3842 ntque
608 3768 667 3826 tuis
688 3770 901 3842 iuvenescens,
921 3769 1026 3840 iubile,
1049 3765 1179 3826 Faunis:

329 3852 506 3912 Brumarunr
526 3853 690 3910 cincttrum
712 3855 823 3927 ederis,
846 3863 1029 3932 praetorque
1051 3853 1196 3924 virorum,
