3000 4725
216 3617 219 3620 ·
351 3581 416 3647 ΛΑ.
433 3580 566 3666 Κύπριδι
579 3587 639 3647 καί

730 637 881 732 Q

352 795 403 865 [E.
438 796 477 863 Εἰ
501 800 537 863 σδ
560 800 591 864 έν
613 801 695 885 αἰτίᾳ
715 801 792 880 ἐσσὶ,
812 803 842 866 τί
854 802 941 885 θύμα
960 801 1050 865 θάνοι
1074 808 1128 868 σεῦ
1145 804 1243 887 ἕκητιγ

437 882 548 948 Σκαιδν
564 884 597 947 ἐν
612 886 766 971 ἀλλοτρίῳ
778 887 903 972 θανάτιρ
916 886 983 973 βίου
995 886 1096 949 ἐλπίδ’
1115 888 1262 951 ἀνάπτειν.
1321 912 1322 919 “

351 967 394 1041 lc.
436 964 510 1050 Εῖγε
533 968 623 1054 φίλον
644 971 711 1033 τινά
733 993 782 1033 σοι
805 974 914 1055 ζητεῖς,
935 971 953 1054 ἢ
977 971 1082 1034 πιστδν
1107 972 1237 1056 ἑταῖρον,

438 1050 519 1137 Ούχλ
532 1052 640 1138 τύχην,
658 1055 776 1138 μᾶλλον
792 1057 822 1119 δ’
839 1056 933 1119 αὐτοῦ
947 1054 1012 1139 βίον
1023 1056 1135 1139 ἀνδρὸς
1146 1056 1261 1141 ἐρεύνα.

351 1135 401 1201 ΙΖ.
438 1133 507 1199 Τῶν
520 1142 634 1202 σαυτοῦ
650 1140 786 1203 κτεάνων
798 1138 833 1203 εδ
846 1142 986 1224 πάσχειν,
1001 1139 1075 1224 μήδ’
1089 1138 1143 1203 ἔσο
1156 1140 1260 1226 κίμβιξ.

438 1218 490 1288 Τίς
505 1223 820 1369 προκοπηπλούτοιο,
833 1220 1041 1307 πενητεύοντά
1057 1246 1091 1286 σε
1109 1228 1260 1301 πλουτεῖν;

351 1302 404 1368 lH.
429 1302 488 1367 Ἢν
512 1311 613 1390 τηρεῖν
655 1306 798 1391 θίλησθα
821 1308 872 1371 διὰ
897 1311 979 1391 ζωῆς
1001 1306 1093 1377 κλέος
1115 1308 1235 1385 ἐσθλὸν,

437 1390 541 1470 Φεῦγε
561 1390 636 1453 νόου
657 1394 825 1475 φυλακαῖσι
839 1393 906 1478 βίου
919 1392 1098 1477 κακύχαρτα
1110 1392 1244 1478 δέλετρα

293 1523 305 1547 .
352 1471 403 1538 ΙΘ.
433 1473 607 1558 Ἀρτίφρων
627 1474 763 1539 πελέθων
810 1478 892 1562 ηδὴ
913 1477 1048 1561 χλεύαζε
1068 1478 1102 1539 τδ
1122 1483 1225 1563 γήρας.

436 1557 608 1643 Νηπιοιχῶς
624 1560 749 1643 φρονέει
761 1503 830 1647 γέρ,
846 1562 908 1629 ὅτις
922 1560 1030 1645 μέτρον
1041 1560 1122 1624 ίκετο
1138 1564 1244 1668 γήρως.

351 1639 390 1705 Κ.
436 1640 478 1707 Τε
501 1644 594 1705 νίδιον
618 1644 646 1705 τί
669 1645 790 1726 μάθοις,
808 1651 864 1729 τῖης
884 1646 1027 1729 εὐτυχίης
1045 1646 1075 1727 γ’
1097 1647 1243 1729 ἀπιουσης

432 1668 539 1811 Ἀνθρὶ
552 1726 648 1810 μένει,
662 1730 713 1791 καὶ
731 1734 830 1801 ζῶντα
842 1733 876 1793 τδ
894 1730 1012 1814 τεχνίον
1026 1730 1083 1792 οὐκ
1095 1730 1258 1793 ἀπολείπει.

352 1808 526 1875 ΚΑ.”Αττα
549 1811 631 1893 λέγει
651 1836 699 1875 τοι
720 1814 858 1890 ἕκαστος,
882 1815 959 1921 ἀκήν
982 1816 1127 1899 βασάνιζε
1154 1818 1258 1897 σιωπῇ.

431 1895 533 1959 Ἦθεα
555 1897 613 1981 γὰρ
629 1896 774 1980 μερόπων
787 1899 893 1962 κεύθει
907 1901 1008 1980 λογος,
1019 1896 1074 1981 ἥδ’
1085 1900 1258 1982 ἀπογυμνοῐ.

351 1976 419 2045 ΚΒ.
430 1982 539 2044 Ἀσκει
560 1982 613 2064 τὴν
642 1982 783 2065 μελέτην,
806 1985 834 2046 εἰ
854 1984 905 2046 καὶ
927 1982 1035 2067 τέχνην
1060 1982 1147 2045 ἐδιδά
1170 1984 1235 2066 θης.

432 2063 474 2128 Ἡ
495 2064 607 2149 μελέτη
632 2067 682 2129 τδν
707 2072 790 2144 νοῦν,
841 2069 886 2151 εὶρ
909 2068 962 2150 Ιτίγν
988 2065 1114 2151 ἄσκησιν
1139 2006 1241 2138 ἐθίζει.

351 2144 416 2211 ΚΓ.
436 2147 488 2231 Μὴ
508 2148 639 2231 πύτμοιο
665 2152 797 2234 μερίμνα
818 2092 1225 2237 ἔπερχομένοιοτελευτήν.

438 2229 483 2296 Οὐ
506 2234 631 2315 τρομέει
649 2237 703 2318 τὴν
728 2240 838 2319 μοῖραν
862 2238 878 2299 ὁ
902 2238 955 2321 τὴν
979 2237 1061 2317 ζωὴν
1084 2237 1245 2319 ἀθερίζων.

352 2312 417 2378 ΚΔ.
435 2314 581 2380 Μύνδον
605 2317 661 2382 ἀπ’
686 2320 861 2406 ἐμπείρων,
885 2320 921 2383 σὺ
945 2320 980 2384 δὲ
994 2318 1146 2467 δάπείρους
1169 2319 1266 2384 ἐσθλά

963 2405 994 2467 δί
1013 2428 1032 2467 α
1051 2427 1095 2467 ον.

434 2483 576 2549 Ἐσθλῶν
596 2486 654 2570 γὰρ
678 2489 807 2574 διδαχὴν
831 2491 874 2558 είς
889 2405 1268 2556 πολλοθςεδεῖδιαδούναι.

351 2566 416 2633 ΚΕ.
435 2569 510 2633 Πῖνε
532 2573 566 2634 τδ
592 2570 700 2654 μέτρον
725 2579 793 2653 σού,
817 2573 849 2636 εί
862 2597 909 2637 σοι
923 2575 1012 2658 φίλον
1027 2571 1097 2636 ἔσθ)
1112 2573 1268 2656 ὑγιαίνειν.

432 2653 473 2717 Ἡ
495 2656 552 2739 γάρ
577 2655 651 2738 ἄγαν
667 2659 807 2741 στατάλη
822 2661 935 2742 λυγρῆς
948 2657 1041 2721 νύσυυ
1057 2657 1152 2720 αἴτιον
1176 2657 1268 2722 ἐστίν.

350 2736 409 2809 Κτ.
425 2734 513 2804 ῐὈττι
533 2763 590 2824 περ
614 2742 753 2825 αἰνήσαις
772 2745 973 2819 κατενώπιον,
995 2743 1014 2824 ἦ
1039 2743 1231 2826 δοκιμάσαις,

436 2824 488 2908 Μὴ
511 2827 588 2910 τῷδ’
613 2827 774 2910 εύχερίγγσι
796 2826 869 2889 νύου
890 2829 964 2890 πάλι
986 2825 1094 2910 μῶμον
1118 2827 1252 2910 ἀνάψης.

350 2907 414 2972 ΚΖ.
432 2907 598 2994 Εὐτυχέων
626 2912 659 2972 τὸ
682 2911 777 2994 τύχης
800 2911 831 2979 ἐς
854 2911 989 2973 ἐναντίον
1013 2910 1146 2979 ἀσταθὲς
1166 2910 1267 2994 ἀθρει.

436 2994 621 3078 Δυστυχέων
637 2996 672 3057 δὲ
683 2996 773 3057 πάλιν
786 2995 856 3078 περὶ
864 3001 920 3058 σοῦ
931 3000 1015 3080 σχεῖν
1023 2991 1125 3057 ἐλπίδ’
1136 2997 1266 3079 ἀμείνω.

350 3075 418 3143 KH.
432 3077 581 3141 Μάνθανε
595 3080 636 3163 μὴ
649 3080 762 3162 λήγων.
781 3079 893 3163 μελέτη
906 3081 1019 3164 σοφίην
1034 3076 1110 3160 μάλ’
1127 3077 1266 3164 ὀφέλλει

469 3170 550 3247 ακρή
569 3165 627 3246 γὰρ
641 3164 732 3246 πείρη
746 3165 881 3232 σπανίως
899 3163 1010 3249 χρύνος
1023 3161 1120 3246 ἄνδρα
1135 3165 1266 3248 σοφίζει.

349 3244 416 3310 ΚΘ.
433 3247 519 3311 Αἴνει
540 3247 743 3332 φειδομένως.
767 3247 799 3310 δν
821 3250 953 3310 πολλάκι
972 3249 1028 3332 γάρ
1050 3247 1247 3331 δοκιμάσαις,

427 3328 484 3395 Ἕν
506 3354 582 3395 ποτε
604 3335 662 3410 σοὶ,
683 3331 772 3399 ποιός
793 3354 836 3400 τις
859 3330 912 3415 ἔην
928 3334 1026 3413 φιλος,
1039 3331 1124 3416 ἦμαρ
1139 3332 1265 3414 ἐλέγξει.

351 3414 386 3476 Λ.
434 3413 518 3498 Μήτι
528 3418 746 3501 καταισχύνοιο
765 3417 885 3499 μαθεῖν,
895 3417 929 3478 τύ
944 3440 1001 3500 περ
1016 3416 1072 3478 οὐκ
1087 3417 1265 3502 ἐδιδάχθης.

436 3499 562 3562 Αἰνετόν
587 3502 651 3564 ἔστι
691 3501 811 3584 άθησις,
826 3503 841 3564 δ
854 3502 885 3563 δ’
901 3502 1024 3583 ἀγνοίης
1039 3498 1109 3584 ἔρος
1126 3502 1264 3586 αἰσχρόν.

661 3526 779 3670 Κάκχιμ
801 3584 863 3668 ἔρις
885 3585 1059 3668 εὐφροσύνη
1073 3607 1105 3646 τε
1117 3586 1263 3649 Ισύνεισιν.

433 3667 591 3739 Ἀσπάζου
612 3670 646 3731 τὸ
668 3670 821 3752 προσηνὲς
844 3670 923 3748 ένδν,
944 3669 981 3731 τὰ
996 3669 1030 3731 δὲ
1043 3670 1147 3731 νείκεα
1160 3675 1263 3754 φεῦγε.

352 3751 416 3817 ΑΒ.
436 3752 541 3833 Φεῢγε
558 3754 783 3836 χαμαιζήλους,
804 3754 856 3818 καὶ
877 3756 1010 3837 σιγηλιῖιν
1026 3752 1115 3834 γένος
1134 3753 1262 3836 ἀνδρῶν.

435 3833 457 3923 ή
481 3834 555 3920 νᾶμ’
583 3835 724 3919 εύκηλον,
746 3841 827 3921 τάχα
844 3839 882 3921 ’δή
898 3837 978 3922 βαθύ
990 3838 1153 3921 κρύπτεται
1168 3837 1261 3926 ὕδωρ.
