3000 4725
761 612 801 670 62

326 777 408 835 Hinc
429 778 514 835 fovet
536 777 669 837 infantes
692 780 946 857 prudentissimis
968 780 1128 843 alumnos:

368 863 473 920 Munia
495 863 650 922 abortivus
671 884 790 925 summa
811 864 944 929 Senator
963 866 1035 926 obit.

325 947 379 1006 Dii
401 947 522 1019 melius,
545 954 665 1005 nostrae
682 951 764 1025 quod
788 970 850 1009 non
870 958 1014 1027 pertaesa
1033 952 1176 1011 iuventae

369 1032 489 1091 Erudiit
509 1052 618 1091 sensus
643 1032 735 1093 Curia
757 1037 856 1111 prima
878 1054 975 1095 meos.

325 1119 461 1177 Exactos
483 1118 584 1194 legum
603 1137 672 1177 mee
689 1140 777 1179 mens
799 1128 937 1197 spectata
958 1140 1014 1197 per
1036 1140 1110 1180 usus

369 1202 539 1261 Emendate
564 1204 654 1263 bonis
678 1206 809 1265 cultibus
832 1214 903 1263 ante
927 1206 993 1263 fuit.

326 1288 476 1365 Quicquid
500 1288 532 1345 in
554 1292 686 1349 aeternis
708 1290 842 1367 positum
865 1291 1063 1349 memorabile
1084 1292 1199 1351 chartis

369 1372 526 1431 Historiae
546 1374 657 1433 veteris
679 1375 768 1451 copia
789 1376 874 1435 dives
895 1376 1000 1435 habet:

326 1456 470 1531 Quaeque
493 1477 548 1533 per
568 1459 694 1519 annales
717 1460 835 1535 priscos
855 1468 908 1517 ant
928 1459 1049 1519 Graeca
1073 1468 1227 1534 vetustas,

369 1544 545 1619 Magnarum
572 1553 625 1601 aut
642 1564 741 1603 rerum
764 1545 884 1603 conscia
907 1544 1005 1603 Roma
1024 1554 1124 1605 notat:

327 1627 406 1685 Tum
427 1628 550 1705 linguae
572 1626 702 1687 studium
724 1630 872 1707 Varronis
895 1649 984 1688 sacra
1004 1630 1120 1703 diserti,

369 1713 501 1771 Romani
524 1713 637 1787 eloquii
658 1734 802 1791 quaeque·
817 1722 937 1773 tuentur
958 1734 1048 1791 opes:

327 1796 444 1857 Cuncta
466 1798 541 1855 mihi
561 1809 705 1876 percepta
724 1801 822 1877 prius,
845 1819 936 1875 quam
956 1800 1066 1857 audere
1089 1800 1209 1859 viderer

369 1882 472 1941 Naute
494 1901 550 1958 pcr
571 1884 690 1961 ignotos
712 1885 864 1943 velificare
885 1885 980 1943 lacus.

326 1967 394 2027 Nec
414 1968 544 2026 blandas
566 1969 667 2045 sprevi
694 1970 872 2027 commercia
890 1969 996 2027 mollia
1016 1970 1132 2027 Musas.

370 2053 452 2128 Quin
472 2053 572 2127 spatie
592 2055 666 2112 haec
689 2055 778 2113 metis
800 2055 900 2131 prima
921 2054 1006 2112 fuere
1029 2053 1118 2112 meis.¹

326 2138 466 2214 Lenguet
482 2138 512 2194 in
534 2138 655 2196 incultis
679 2139 788 2197 animis
810 2140 969 2215 prudentia
996 2139 1111 2215 legum:

370 2220 519 2282 Sensibus
540 2222 696 2282 instructis
720 2224 816 2281 acrior
836 2224 890 2281 illa
912 2224 1001 2282 subit

326 2308 407 2369 Hinc
429 2324 477 2366 me
499 2308 632 2366 Romani
651 2308 793 2368 devotum
815 2310 890 2368 iuris
909 2308 1063 2367 alumnum

368 2393 535 2469 Excipiunt
556 2393 713 2453 Themidis
739 2383 826 2453 secra
847 2394 978 2452 verenda
999 2394 1095 2452 Dese.

326 2479 389 2537 Vix
409 2479 456 2536 his
479 2479 628 2555 egredior,
650 2499 721 2538 mox
744 2499 793 2537 me
813 2479 933 2543 Palatia
953 2487 1094 2556 poscunt.

369 2563 528 2623 Convenio
553 2564 640 2622 miles
657 2565 695 2622 ad
716 2584 785 2622 mea
806 2566 895 2642 signa
915 2566 1074 2640 frequens:

325 2649 446 2726 Fungor
468 2649 626 2708 honoratis
650 2650 778 2722 vicibus,
801 2650 990 2723 celebrisque
1012 2668 1068 2725 per
1086 2662 1191 2707 omnes

368 2733 496 2792 Militiae
517 2743 638 2792 exercet
658 2754 706 2792 me
727 2743 797 2812 toga
816 2736 906 2794 docte
925 2735 1046 2811 gradus.

325 2822 374 2892 Et,
394 2819 475 2894 quod
497 2826 570 2876 note
591 2821 692 2879 forent
714 2821 787 2878 mihi
808 2839 926 2879 summa
947 2820 1083 2896 negotia,
1102 2819 1221 2897 magnis

367 2905 546 2980 Principum
565 2905 704 2964 amicitiis
729 2906 852 2981 publica
874 2923 945 2962 cura
965 2904 1019 2961 fui.

326 2988 468 3050 Summus
488 3008 568 3065 apex
587 2992 732 3062 restabat,
754 3000 784 3047 et
803 2991 881 3066 ipsis
902 2989 1047 3067 proxima
1068 2987 1157 3046 Divis

368 3074 453 3146 Quae
478 3073 561 3132 claro
581 3075 680 3152 ,fulget
699 3095 834 3151 purpura
855 3075 952 3149 prima
970 3074 1048 3132 loco.

325 3159 541 3218 Emendicatae
564 3181 626 3218 non
647 3161 725 3216 hanc
746 3160 891 3236 suffragia
909 3160 1004 3230 vocis,

367 3242 436 3301 Non
460 3262 585 3320 magnes
607 3245 731 3303 vincens
754 3245 884 3303 ambitus
908 3264 979 3302 acer
999 3261 1086 3318 opes,

325 3327 432 3388 Gratia
453 3348 512 3385 non
537 3331 699 3406 expressit.
723 3329 898 3387 inaffectata
917 3347 1076 3406 supremus

367 3412 478 3470 Virtuti
498 3432 627 3491 magnae
646 3414 783 3492 praemis
801 3415 908 3491 pendit
925 3416 1033 3473 honos.

325 3496 397 3557 Non
419 3498 485 3556 sine
507 3498 576 3558 Diis
595 3501 729 3577 probitas
753 3508 910 3577 grassatur
931 3500 970 3557 ad
992 3497 1086 3555 ardua
1103 3515 1215 3554 rerum.

367 3581 440 3641 Non
462 3583 539 3642 levis
560 3592 607 3643 est
625 3585 735 3644 summi
755 3587 881 3644 conscia
902 3602 1013 3644 caussa
1033 3581 1155 3659 gradus.

324 3665 452 3726 Oulmen
478 3668 515 3725 ed
536 3669 594 3727 hoc
614 3672 712 3746 patuit
731 3670 781 3728 vie
803 3671 947 3730 moribus.
969 3671 1026 3728 huc
1048 3686 1118 3726 mea
1141 3666 1235 3726 virtus

367 3754 417 3810 Me
439 3753 530 3811 vehit.
557 3755 632 3812 haec
652 3755 718 3813 rexi
742 3756 832 3832 signa
853 3761 981 3817 vocante
1004 3752 1082 3811 Deo.

324 3836 501 3912 Quamlibet
520 3839 642 3898 obiiciat
664 3840 754 3898 nobis
778 3859 895 3899 annosa
915 3845 1062 3909 vetustas,
