3000 4725
761 602 912 697 —33—2—

379 767 584 845 Aplustreque
606 767 733 842 passim,
754 778 784 828 et
803 771 958 848 explicata
980 790 1125 851 suppara,

379 852 554 911 Phrenetici
577 850 798 927 septentrionis
821 856 958 915 flatibus:

381 939 423 997 At
442 957 496 996 ora
516 936 641 997 solvens
664 939 782 999 entheis
805 941 1013 1013 bacchatibus,

382 1030 458 1082 Atea
476 1023 513 1081 ab
536 1022 607 1081 altis
628 1042 783 1101 pervagse
804 1026 893 1085 bovis
914 1026 995 1102 iugis

329 1104 364 1158 3⁰
382 1106 558 1167 Cassandra
579 1107 667 1167 dictis
690 1107 757 1167 infit
779 1128 850 1169 orsa
871 1110 994 1170 talibus.

382 1190 452 1250 Heu
473 1193 534 1251 heu
556 1200 688 1251 cremata
709 1192 884 1270 lacrymosa
903 1196 1016 1272 patria3

379 1277 514 1337 Primum
536 1276 656 1353 quidem
676 1277 823 1339 feralibus
846 1280 994 1339 Trinoctii

382 1361 489 1423 Stlutia
512 1362 656 1441 gigantis,
676 1382 729 1421 ore
750 1383 838 1440 quem
860 1366 1008 1441 qnondam
1025 1384 1082 1425 sno

382 1446 479 1509 Consi
500 1447 619 1505 voravit
640 1465 745 1523 campa
768 1450 930 1509 manduces
954 1452 1051 1523 canis,

330 1530 364 1585 35
383 1532 445 1608 Qui
466 1532 554 1591 vivus
577 1538 663 1590 ustus
683 1541 847 1592 excavator
868 1535 1016 1593 viscerum

380 1617 466 1675 Intra
485 1616 595 1675 lebetis
617 1617 698 1695 ignis
719 1626 860 1693 expertes
881 1621 966 1679 focos

380 1702 493 1761 Formo
514 1720 664 1778 capronas
687 1703 808 1761 verticis
830 1704 909 1761 fudit
931 1704 1011 1776 solo,

381 1786 484 1846 Prolis
507 1794 670 1864 peremtcr,
687 1788 805 1863 patriae
827 1790 925 1876 pestis
948 1808 1049 1847 meae:

381 1873 473 1931 Matri
497 1872 648 1931 secundae
673 1872 725 1948 qui
744 1873 861 1932 volanti
883 1874 1010 1951 cuspide

331 1957 366 2011 40
382 1956 520 2015 Detersit
537 1958 622 2029 uber,
644 1957 735 2031 inque
756 1956 836 2017 Circi
855 1959 981 2035 pulvere

382 2040 631 2117 Quinquertionis
653 2043 789 2101 membra
805 2044 899 2118 patris
922 2044 1046 2103 sustulit

383 2125 557 2187 Saturnium
578 2126 618 2184 ad
641 2144 796 2199 cacumen,
819 2129 871 2186 ubi
894 2137 976 2186 terra
998 2128 1057 2187 sati

382 2211 526 2271 Formido
551 2230 695 2286 equorum
716 2231 823 2289 cespes
840 2214 964 2271 Ischeni
983 2220 1094 2272 tumet:

383 2296 490 2357 Salsas
512 2296 664 2373 Triquetri
683 2298 735 2372 qui
755 2297 889 2357 latebras
909 2299 1052 2376 aequoris

332 2383 366 2438 45
384 2383 487 2441 Torve
511 2383 700 2442 obsidentem
724 2384 943 2443 semifeminam
964 2403 1071 2442 canem

384 2466 508 2538 Stinxit,
529 2468 645 2544 rapinis
666 2468 870 2527 imminentem
893 2469 1019 2544 piscium

385 2551 524 2612 Gumiam
544 2554 637 2610 boum
657 2553 808 2626 leaenam,
830 2554 948 2614 adustis
970 2573 1061 2628 quam
1079 2561 1172 2630 pater

384 2637 540 2710 Membris,
563 2637 694 2696 lucernis
718 2639 888 2714 corporavit
907 2639 1018 2717 igneis,

384 2725 513 2783 Mortem
534 2723 615 2781 haud
641 2730 800 2798 paventem
824 2723 906 2782 sedis
927 2723 1045 2781 inferne
1067 2722 1174 2782 deam:

332 2813 368 2865 50
386 2807 484 2882 Quem
503 2816 589 2866 caute
611 2808 719 2865 inermi
739 2808 847 2867 fraude
865 2809 1015 2884 quondam
1038 2815 1179 2869 mortuus

383 2893 535 2966 Extinxit,
558 2893 630 2952 olim
653 2892 713 2950 iam
737 2891 870 2964 Quietali
890 2894 1033 2970 agnitum.

384 2977 455 3037 Heu
475 2987 545 3036 tene
564 2997 682 3051 rursus,
704 2973 765 3036 ten'
790 2986 954 3036 crematam
973 2985 1100 3036 contuor

384 3064 505 3123 Vetusti
525 3065 562 3122 ab
584 3064 675 3123 armis
697 3063 803 3135 Aeaci,
828 3073 918 3139 atque
942 3063 1065 3120 Tantali

384 3148 475 3227 Rogo
501 3148 628 3225 sepultis
647 3149 728 3206 intra
750 3148 908 3206 Letrinam
931 3149 1055 3207 ossibus

333 3231 367 3285 55
384 3231 467 3292 Pulli
485 3234 556 3310 igne
578 3234 772 3294 subverbusti
789 3233 829 3290 ad
846 3233 968 3309 impiam
989 3233 1110 3308 dapem,

271 3340 274 3346 ·
386 3318 469 3376 Telis
489 3319 612 3378 bubulci
633 3319 760 3377 'l'entari
782 3317 965 3377 volucribus.

384 3402 503 3462 Rivalis
525 3422 605 3463 uxor
628 3412 735 3462 cuncta
755 3404 786 3461 in
807 3421 878 3463 oras
899 3403 1035 3474 luminis,

384 3487 508 3564 Legans
530 3495 718 3566 parectatnm
736 3489 901 3546 minantem
924 3488 1052 3563 patriae,

384 3567 538 3631 Producet
557 3575 682 3634 efferata
703 3574 809 3650 patriis
829 3573 961 3649 probris,

334 3661 369 3714 60
386 3657 532 3734 Ditisque
553 3659 668 3736 nuptiis
689 3659 843 3737 peregrini
866 3658 938 3716 tori:
962 3666 993 3715 at

387 3741 560 3803 Salubrium
583 3753 651 3802 catu
671 3744 837 3822 unguinum
857 3741 1024 3800 incurabile

385 3828 504 3888 Vulnus
527 3829 627 3887 mariti
649 3830 828 3906 conspicata
850 3827 970 3904 pristini
