3000 4725
743 626 896 722 jaa—

364 793 471 868 Qnalis
491 795 583 853 tubae
607 795 736 854 sentitur
755 815 870 857 aeneae
892 816 997 856 sonor.

362 880 521 955 Recteque
543 880 642 939 sensti
656 898 706 938 me
727 883 803 940 mihi
825 883 1076 943 infensissumum

363 964 489 1023 Aiacem
510 964 604 1023 odora
624 964 750 1024 oircmre
770 967 922 1044 indagine.

312 1055 348 1109 20
364 1050 413 1108 Ita
435 1057 491 1107 est.
513 1069 580 1107 eum
603 1068 758 1123 venamur,
781 1051 861 1108 haud
885 1052 987 1123 alium,
1011 1051 1089 1110 Dea.

362 1133 445 1193 Nam
465 1134 583 1193 facinus
605 1135 666 1193 ista
686 1144 775 1194 nocte
799 1154 933 1209 caecum,
955 1137 1102 1208 nescium,

362 1221 546 1296 Ancepsque
568 1219 640 1276 fecit
660 1220 724 1292 ille,
748 1221 776 1279 si
796 1220 869 1279 fecit
891 1228 1004 1280 tamen.

363 1303 418 1363 Nil
440 1304 552 1363 scimus
574 1306 685 1362 etenim
707 1306 819 1365 mentis
847 1324 947 1364 errore
969 1306 1039 1363 arii.

364 1387 466 1461 Quare
485 1389 543 1447 boe
564 1389 664 1447 subivi
685 1398 796 1465 sponte
820 1386 982 1466 perferens
1004 1408 1092 1449 onus.

312 1473 347 1527 25
364 1472 445 1532 Nam
465 1491 563 1550 pecua
584 1492 683 1550 nuper
704 1483 793 1550 parta
810 1474 919 1532 bellica
939 1494 1041 1547 manu,

362 1558 515 1636 Iugulata,
538 1566 644 1631 sueta,
665 1560 802 1617 sauciata
820 1560 951 1617 foediter

363 1644 468 1716 Manu,
484 1644 641 1720 magistris
664 1662 731 1702 eum
751 1643 816 1702 suis
839 1644 1031 1704 offendimus.

363 1728 508 1802 Factique
527 1747 595 1785 eum
619 1730 718 1787 omnia
738 1728 828 1787 huius
851 1737 1001 1786 auctorem
1021 1728 1103 1785 fecit.

365 1812 435 1872 Huc
454 1812 542 1885 adde,
562 1814 640 1887 quod
660 1814 834 1889 speculator
853 1816 933 1871 huno
955 1814 1054 1872 solum
1077 1816 1218 1887 omnium,

313 1894 349 1949 3⁰
367 1896 497 1974 Campos
521 1906 643 1955 cruento
664 1899 734 1956 dum
759 1918 832 1957 ense
852 1898 1001 1975 persultat
1021 1899 1137 1973 furens,

364 1983 518 2057 Viditque,
541 1983 718 2057 retulitque:
735 1984 802 2061 Ego
825 1992 957 2041 actutum
979 1984 1092 2059 impete

364 2068 503 2145 Vestigo,
522 2067 627 2126 odoro.
650 2067 726 2125 baec
742 2069 829 2145 aigne
848 2088 906 2126 non
929 2068 1019 2125 dubie
1040 2078 1125 2129 noto:

364 2155 424 2211 Ast
443 2152 497 2209 illa
517 2152 622 2225 miror,
647 2154 715 2209 cuia
735 2154 796 2211 sint
814 2172 876 2211 non
896 2170 1052 2226 assequor.

370 2236 433 2297 Sed
454 2237 570 2295 affuisti
590 2238 735 2313 tempori,
756 2238 782 2296 si
802 2238 922 2313 quidem
945 2246 997 2295 tue
1309 2274 1310 2319 3

313 2326 348 2380 ³5
364 2323 415 2380 Me
437 2340 528 2394 nunc,
549 2328 579 2379 et
601 2322 674 2381 olim
698 2324 790 2396 rexit,
814 2330 843 2382 et
864 2329 950 2400 reget
970 2340 1088 2381 manua.

364 2407 418 2465 Mi.
460 2407 617 2478 Passenni,
640 2407 764 2484 Ulysse.
786 2409 917 2484 iamque,
940 2409 1009 2467 dum
1032 2408 1197 2480 venaturis,

363 2491 451 2549 Viam
471 2491 526 2549 tibi
545 2491 636 2549 istam
659 2501 766 2568 sponte
789 2501 893 2552 custos
913 2493 1019 2550 institi.

362 2575 414 2636 Ul.
463 2577 549 2634 Bene
571 2578 630 2649 hio,
655 2595 784 2636 secusne
806 2585 933 2654 coeptus
957 2585 1005 2635 est
1023 2575 1097 2634 mihi
1116 2576 1221 2635 labos?

364 2662 418 2719 Mi.
460 2661 590 2736 Liquido
613 2663 742 2739 putasti:
765 2662 837 2720 fecit
852 2663 915 2734 illc,
939 2681 987 2719 me
1006 2662 1084 2720 vide.

312 2745 348 2799 dt)
364 2747 415 2805 Ul.
463 2745 545 2805 Nam
567 2765 621 2804 our
643 2755 674 2804 et
695 2765 788 2805 ausus
811 2747 863 2804 ille
888 2755 949 2804 tam
971 2764 1094 2804 caecum
1113 2745 1222 2805 nefas?

363 2831 415 2889 Mi.
460 2832 588 2891 Achillis
611 2849 705 2904 arma,
728 2832 848 2890 addicta
867 2851 929 2890 non
952 2832 1010 2891 sibi
1032 2831 1124 2890 dolet.

362 2915 414 2974 Ul.
464 2915 525 2976 Cur
545 2917 589 2975 sic
612 2917 731 2974 furente
753 2918 848 2974 fertur
867 2917 898 2974 in
915 2935 1023 2994 greges
1043 2917 1162 2992 gradu?

361 3002 415 3059 Mi.
458 3003 570 3060 Vestro
589 3020 696 3060 manus
716 3001 840 3059 foedare
858 3019 987 3078 sperans
1011 3001 1169 3078 sanguine.

362 3084 414 3144 Ul.
461 3087 661 3164 Incogitabat,
680 3087 794 3161 inquis,
813 3087 935 3162 Argivis
958 3086 1091 3143 malum?

312 3171 347 3225 45
364 3172 417 3229 Mi.
462 3170 541 3244 Quin
563 3173 680 3246 absque
697 3191 746 3228 me
764 3171 885 3242 fuisset,
908 3177 1142 3246 etpatreveret.

363 3254 413 3314 Ul.
463 3256 622 3330 Quibusne
644 3257 773 3332 coeptis,
794 3273 892 3330 quove
915 3257 1024 3314 mentis
1044 3255 1181 3332 impetu?

362 3340 416 3398 Mi.
460 3341 571 3416 Irrupit
589 3340 628 3397 ad
647 3359 703 3399 vos
725 3349 815 3398 noete
838 3340 934 3413 solus,
957 3349 987 3398 et
1009 3340 1085 3398 dolo.

363 3423 414 3483 Ul.
462 3425 607 3483 Pervenit
625 3425 726 3502 igitur,
749 3433 839 3500 atque
861 3434 958 3484 metas
983 3425 1103 3502 attigit?

362 3509 415 3567 Mi.
459 3510 616 3568 Institerat
634 3510 709 3568 adeo
728 3511 847 3584 utrique
865 3511 924 3568 iam
946 3510 1108 3586 praetorio.

311 3597 347 3651 50
364 3593 414 3653 Ul.
463 3592 539 3666 Quis
555 3595 665 3671 rapida
686 3602 828 3654 ovantem
850 3595 941 3652 caede
962 3594 1112 3672 repressit
1131 3585 1262 3652 manuni

326 3687 337 3702 ·
363 3678 417 3737 Mi.
460 3679 572 3737 Aliena
592 3681 690 3756 captis
710 3698 805 3740 senaa
825 3680 931 3738 ocellis
954 3697 1104 3757 oggerens

362 3762 508 3823 Hominis
532 3765 658 3822 retundo
681 3765 823 3841 gaudium
841 3764 1072 3823 immedicabile.

362 3848 403 3909 Et
424 3849 463 3909 ad
484 3867 609 3928 gregum
629 3849 954 3928 miscellatlanigerdm
976 3849 1107 3928 agmina,
