3000 4725
626 631 780 725 jej—

248 794 366 871 Vinule,
387 800 558 873 Multivule,
580 800 796 871 internuntius,
819 800 988 877 Argilethe,
1016 818 1019 822 ’

247 882 363 960 Alipes,
388 895 419 944 et
440 885 612 945 mortalium
637 904 734 958 amor,
760 880 904 944 sermoui'
924 885 1076 945 minister:

248 964 341 1040 Quem
354 970 450 1044 fraus,
463 990 552 1046 quem
562 972 727 1029 certamina
737 970 872 1039 adulant,
885 970 1006 1028 ulmifer
1017 971 1162 1029 omnium.

246 1050 398 1130 Interpres
421 1057 524 1115 variae
543 1056 669 1133 linguai,
690 1054 836 1113 Nundine
855 1054 958 1126 Liber,

247 1134 452 1217 Sanguineum
474 1149 599 1219 gestans
623 1142 787 1199 caduceum
809 1140 893 1217 pacis
916 1140 1011 1197 amice

244 1220 345 1301 Frugi,
369 1224 545 1299 Commota,
567 1226 721 1298 Locuteie,
742 1226 812 1299 Aie,
831 1226 931 1297 beate,

246 1309 343 1385 Atque
364 1330 487 1388 operum
511 1311 624 1383 Titule,
650 1320 680 1369 et
702 1310 813 1368 Titane
835 1308 1007 1368 necessibu'
1026 1309 1138 1367 rebusz

245 1391 284 1450 Et
303 1397 475 1455 mortalibu'
494 1397 678 1472 praesidium
701 1395 875 1453 venerabile
897 1395 1035 1470 linguae3

245 1479 336 1539 Adsis
359 1482 461 1540 oranti
484 1482 565 1539 vitae
587 1481 702 1539 addens
724 1481 840 1539 exitum
861 1480 1001 1550 amicum,

246 1560 333 1623 (lultu
353 1586 490 1645 operum,
513 1566 643 1625 memori
664 1566 768 1636 menti,
790 1559 973 1623 sermonibu'
994 1563 1092 1621 lectis.

457 1734 579 1793 Carmen
599 1735 725 1793 Liberae
746 1734 948 1809 Proseminue.
1122 1734 1164 1794 28

243 1814 356 1875 Libere
377 1819 563 1897 magnanimi
583 1812 667 1879 Iovis
689 1820 775 1877 adsis
798 1818 914 1876 incluta
932 1816 1048 1893 proles,

243 1901 386 1980 Unigena
404 1905 560 1981 princeps,
589 1912 653 1963 esto
676 1905 735 1962 hou
754 1904 899 1961 libamine
916 1909 1034 1960 macta:

244 1984 362 2047 Coniux
387 1988 471 2049 Ditis
494 1990 623 2063 honora,
647 1990 717 2047 boni
738 1988 912 2065 largissima
933 1986 1020 2045 vieti:

243 2069 325 2145 Quae
350 2076 409 2134 sub
430 2074 598 2133 visceribus
621 2082 717 2131 terrae
740 2073 907 2132 domineris
928 2074 1060 2145 Avern0,

241 2156 363 2233 Parioa,
392 2168 423 2217 et
444 2160 595 2232 cinciana,
617 2159 773 2233 Iouisque.
784 2158 905 2234 insigne
929 2176 1128 2235 propagmeu,

241 2243 406 2303 Manarum
432 2245 574 2321 genitrix,
598 2244 682 2304 Iovis
703 2239 855 2301 infernati'
879 2242 1010 2300 tribuna.

242 2327 340 2404 Quam
363 2325 473 2408 pnsum
495 2348 607 2388 arcano
628 2324 704 2389 Iovi'
730 2329 847 2389 semine
864 2328 1091 2404 'progeneravit

242 2415 344 2474 Mater
367 2415 541 2492 multierepi
564 2416 706 2475 Volturni
728 2416 866 2473 maxima
884 2412 991 2486 Consi,

239 2501 362 2558 Lucina
384 2501 537 2576 speciosa,
560 2510 590 2558 et
607 2515 763 2577 percoque
785 2498 1025 2576 Temperiem,

240 2583 340 2659 Seria,
362 2586 522 2662 regnatrix
543 2586 697 2657 Larunda,
718 2581 848 2661 frugibu'
873 2583 1018 2659 gliscens,

240 2670 404 2748 Corniger,
425 2670 565 2742 illustris,
589 2666 762 2728 mortalibu'
785 2678 872 2745 grata
892 2668 1011 2743 virago,

238 2756 345 2827 Flora,
370 2756 546 2833 gramineae
572 2773 661 2831 quum
685 2753 817 2812 oblectat
841 2750 966 2828 spiritus
989 2768 1090 2822 aurae,

238 2836 357 2918 Corpu'
381 2849 464 2898 tuum
485 2841 641 2898 oblectans
664 2836 779 2896 Terrae
800 2831 992 2894 viridantibu'
1013 2835 1117 2907 foetis,

237 2926 427 2985 Nummeria
444 2934 474 2984 et
495 2926 587 2998 foeta,
607 2923 755 2984 Autumni
777 2923 834 2980 sub
856 2929 991 2996 tempore
1013 2919 1144 2991 nubens,

239 3010 324 3082 Vita,
348 3011 456 3069 itidem
480 3029 563 3069 mors
587 3009 655 3068 solu
675 3009 780 3066 eedem
804 3005 980 3064 mortalibus
1002 3005 1113 3082 aegris,

237 3096 421 3168 Fordicidu,
445 3097 556 3153 etenim
581 3096 644 3152 fers
666 3094 778 3164 omniu,
803 3099 835 3149 et
856 3089 958 3148 omnia
980 3090 1092 3148 caedis.

236 3181 313 3241 Huc
333 3183 410 3238 hera
435 3181 490 3253 sis,
512 3181 616 3257 fruges
637 3197 656 3236 e
676 3187 758 3238 terra
776 3176 913 3234 funditus
937 3175 1026 3232 educ:

236 3267 366 3328 Blanda
387 3283 462 3342 paee
484 3266 604 3342 vigens,
625 3264 803 3336 illibataque
826 3261 934 3330 salute,

236 3353 279 3411 Et
301 3352 371 3410 vita
392 3351 494 3408 fausta
511 3351 614 3408 mitem
634 3349 756 3426 legante
778 3347 917 3416 sulutem,

236 3439 288 3498 Ad
314 3445 371 3494 tua
389 3435 504 3511 templa
524 3435 603 3507 Dea,
625 3440 655 3491 et
677 3433 759 3508 potis
781 3431 921 3490 indufera
942 3430 1019 3486 utria
1039 3427 1134 3486 Ditis.

517 3603 619 3662 moen
638 3603 746 3673 Patria,
770 3611 898 3660 aturuea.
1125 3593 1167 3653 29

236 3693 396 3751 Liberum
419 3707 476 3766 ego
497 3707 632 3760 veneror,
653 3686 930 3763 crepericreperum
950 3683 1126 3753 fatuantem,

235 3774 466 3850 Primigeuam,
487 3775 651 3850 geminum,
671 3771 857 3844 Brumalem,
877 3778 984 3843 terque
1004 3772 1154 3837 renatum,

236 3858 970 3937 Cornigerumagrestem,ob'sourum,arounum,
977 3851 1168 3921 uniformem,
