3000 4725
586 644 738 741 321..

282 807 332 873 Τὰ
342 807 452 893 γνῶστ’
464 809 526 872 ἐστὶ
535 811 683 896 λογισμῷ,
693 810 769 893 άτὰρ
777 806 808 871 τ’
817 808 959 891 ἄγνωστα
968 810 1120 892 τυχηρῶς.

204 895 258 959 ΛΓ.
284 893 324 959 Εἰ
351 895 455 979 βίοτος
478 900 655 980 στρωφᾶται
678 895 909 977 ἀτεκμάρτοιοιν
929 892 1065 968 ἀέθλοις,

273 978 390 1063 Ἧμαρ
414 979 445 1041 ἐν
471 976 638 1064 ᾦπονέεις
653 984 712 1042 πᾶν
733 978 861 1061 κέρδεος
883 978 1083 1060 ἀναλογίζου.

206 1064 261 1127 ΛΔ.
283 1061 354 1147 Κῆν
380 1063 520 1132 ἐπίδοξος
542 1062 597 1149 ἕης
618 1069 713 1149 νικᾷν,
736 1063 861 1124 ὑπόεικε
883 1062 967 1145 φίλῳ
991 1067 1058 1128 σού.

284 1145 350 1231 Τῆς
374 1146 432 1231 γὰρ
458 1148 624 1233 ύπηρεσίης
647 1150 733 1231 ἡδεῖς
755 1149 905 1226 ἡττῶνται
929 1147 1055 1230 ἑταῖροι.

205 1218 261 1293 ΛΕ.
283 1228 323 1295 Εἰ
348 1230 463 1314 μεγάλ’
488 1234 619 1309 αἰτίζεις,
640 1233 681 1315 μὴ
705 1232 812 1316 φείδεο
833 1231 906 1315 βαιὰ
923 1237 1079 1315 χορηγεῖν.

273 1312 360 1378 Ὧδε
387 1316 475 1400 χάρις
497 1317 648 1385 τοίςδεσσι
674 1317 783 1400 φιλοος
805 1318 947 1398 δεσμοῖσι
968 1317 1120 1377 συνάπτει.

206 1396 253 1466 λς.
283 1397 405 1463 Νείκεα
418 1400 493 1485 τῷδ’
509 1401 643 1484 ἐπάγειν,
653 1400 687 1468 ός
702 1423 750 1462 σοι
764 1402 853 1485 φιλος
865 1399 1119 1481 ἐσπλφυλάσσοο.

280 1480 404 1569 Ἔχθος
425 1482 515 1547 ἔτικτ’
538 1485 625 1569 ὀργὴ,
647 1486 750 1569 φιλίης
774 1486 804 1547 δ’
827 1483 957 1567 ὁμόνοια
977 1482 1095 1566 τιθήνη.

207 1562 259 1627 ΛΖ.
275 1564 336 1630 Ἢν
348 1567 385 1631 σέ
395 1568 466 1631 ποτ’
475 1570 646 1653 ἀμπλακίαι
657 1569 803 1652 θεράπων
814 1569 976 1651 προάγωσι
986 1568 1064 1651 πρὸς
1072 1567 1120 1650 όρ·

285 1647 350 1735 Τῆς
366 1655 466 1735 ὁρμῆς
478 1654 626 1737 κρατέειν,
640 1657 700 1716 τῶν
714 1654 834 1715 οἰκείων
847 1652 897 1715 ίνα
913 1652 1017 1736 φείση.
1040 1651 1119 1734 [γὴν,

208 1729 336 1799 ΛΗ.“ον
362 1742 447 1819 νικᾷν
472 1738 610 1814 δύνασαι,
635 1742 674 1820 τῇ
695 1738 839 1821 καρτερίη
862 1737 1046 1820 περιγίγνου.

285 1818 358 1882 Atel
381 1823 524 1905 καρτερίη
548 1823 576 1885 δ’
603 1822 740 1907 ἀρετάων
763 1821 826 1883 ἐστὶ
849 1821 984 1903 μεγίστη.

208 1896 263 1961 ΛΘ.
283 1900 463 1973 Ἐνδυκέως
484 1908 620 1987 ταμίευε,
642 1907 738 1988 τάπερ
758 1907 886 1990 καμάτῳ
905 1903 1097 1987 πεπόρισται.

286 1984 352 2072 Τὴν
361 1990 468 2072 πενίην
477 1992 637 2073 κάματοςγ
645 1989 664 2069 ’,
672 1987 771 2073 ύτανῇ
784 1991 970 2073 δαπανηρὸς,
981 1988 1119 2073 ὀφέλλει.

226 2064 245 2131 ί.
288 2069 381 2135 Τοῖσι
407 2075 507 2159 φίλοις
527 2075 578 2137 καὶ
591 2075 703 2137 έταισιν
719 2074 793 2138 ἐπάν
809 2073 969 2157 φιλότιμος
984 2072 1120 2155 ἀκούσης

282 2152 416 2243 Ὄλβιος
437 2158 605 2243 εὐτυχέων,
628 2158 663 2222 σθ
689 2159 724 2221 δὲ
747 2159 890 2243 φιλτερος
908 2157 972 2220 ἴσθι
987 2154 1119 2242 σεαυτῷ.

417 2383 419 2388 .
453 2322 623 2392 ΒΙΒΛΙΟΝ
647 2323 874 2392 ΔΕΥΤΕΡΟΝ.

212 2403 243 2467 Α.
279 2407 380 2494 Ἔργα
403 2411 576 2494 γεωπονίης
600 2413 626 2474 εἰ
651 2413 678 2474 0’
705 2411 820 2474 εἰδέναι
841 2412 947 2495 ἵμερος
970 2413 1060 2495 αἱρεῖ,

285 2491 444 2579 Βιργίλιον
471 2496 564 2567 δίζευ.
587 2497 724 2580 βοτανῶν
749 2497 784 2558 δὲ
807 2498 959 2579 δαήμεναι
980 2495 1081 2578 ἀκμὰς

286 2575 325 2642 Εἰ
347 2578 485 2659 ποθέεις,
507 2580 619 2648 ταύτας
643 2579 772 2664 Μάκρου
796 2582 949 2642 κλείουσιν
974 2580 1087 2656 ἀοιδαὶ,

280 2656 382 2727 Ὥσκε
401 2663 506 2727 δύναιο
528 2665 618 2727 νόσον
644 2664 764 2746 μελέων
789 2665 850 2728 ἀπὸ
870 2668 971 2726 πᾶσαν
997 2664 1120 2743 ἀμῦναι.

286 2743 325 2810 Εἰ
345 2747 380 2810 δ’
396 2747 515 2817 ἐθέλεις
532 2750 648 2833 ῥώμης,
664 2749 823 2832 ἐμφύλους
843 2749 872 2810 τ’
886 2746 972 2829 ἴδμεν
990 2748 1120 2828 ἀγῶνας,

287 2833 449 2894 Λουκανθν
476 2835 619 2916 ζήτησον,
639 2834 672 2901 ὃς
687 2833 801 2915 ’Άρεος
823 2831 906 2894 εἶπεν
928 2831 1071 2898 ἀέθλους.

189 2989 193 3000 .
287 2913 325 2979 Εἰ
347 2917 387 2999 δὴ
409 2916 481 3000 ἐρᾷν
504 2919 555 2980 καὶ
576 2916 668 3001 ἔρωτι
691 2916 875 2999 μαθητεύειν
894 2914 1120 3000 προβέβουλας,

287 2997 532 3085 Νάσωνοςπάρα
542 3007 637 3064 ταῦτα
652 3003 773 3085 μάθοις.
787 2999 864 3064 Εἶθ’
875 3001 949 3063 αὐτὸ
964 3004 1121 3082 μεριμνᾷς,

288 3081 362 3152 Πῶς
376 3087 474 3168 σοφδς
489 3088 531 3150 ῶν
542 3088 668 3168 διάγοιςι
679 3087 770 3149 κλύθι
785 3086 916 3169 μοῶ,ίνα
929 3089 1025 3146 ταῦτα
1039 3083 1120 3145 διδα-

288 3165 1007 3255 Πάνταδίῶνίωὴνκσκίηςδίχαπάσανἀνύσης.
1027 3166 1123 3251 [χθῇς

290 3252 387 3337 Λεῦρ’
399 3251 471 3338 ἄρα,
483 3257 534 3318 καὶ
547 3255 577 3317 τί
589 3255 677 3317 πέλει
687 3256 780 3339 σοφίη
797 3255 878 3337 μαθὲ
892 3259 955 3333 νῶν,
970 3252 1039 3316 τάδ’
1051 3253 1121 3314 ἀνα-

835 3361 915 3407 νους.

217 3405 248 3474 B·
288 3418 325 3485 Εἰ
346 3419 489 3502 δύνασαι,
510 3428 642 3486 σπεῦσον
665 3424 716 3485 καὶ
732 3423 803 3490 τοὺς
816 3424 953 3504 ἀγνῶτας
963 3419 1121 3504 δφέλλειν.

288 3503 420 3590 Κέρδιόν
443 3507 507 3570 ἐστι
530 3508 640 3591 φιλους
662 3507 868 3590 περιποιεῖσθ
891 3508 910 3590 ἢ
935 3504 1120 3592 βασιλεύειν.

218 3576 245 3641 Γ·
290 3591 384 3654 Λεῖπε
398 3592 513 3656 θεούτ’
526 3591 654 3676 ἄρρητα,
662 3592 691 3653 τί
695 3591 722 3652 τ’
735 3590 867 3674 οὐρανός
879 3591 969 3667 ἐστιν,
983 3591 1120 3674 ἐρευνᾷν.

292 3672 408 3759 Θνητδς
427 3676 487 3738 ἐῶν
509 3676 648 3760 θνητοῖσι
672 3675 832 3758 μεμηλότα
855 3673 931 3758 ἔργα
954 3675 1094 3758 μερίμνα.

219 3749 248 3812 Δ·
284 3754 390 3823 Ῥῖπτε
406 3759 503 3844 φόβον
519 3759 664 3824 θανάτου.
681 3759 781 3842 τὸγὰρ
795 3759 934 3844 άφραδές
950 3757 1121 3839 ἐστιν,άλη’-

815 3867 895 3912 ’4τωῖ
