3000 4725
643 597 795 694 ..ffl-

276 765 318 824 55.
356 765 494 826 Prudens
516 765 620 840 futuri,
643 775 674 826 ct
693 767 856 828 imminens
872 765 1017 842 periculis

273 851 418 909 llomenta
438 851 558 909 lubrica
576 859 607 908 et
630 851 780 911 volubiles
803 851 885 909 vicos
995 893 999 896 -

272 934 413 994 Fortunae
432 936 533 994 inanis
555 936 706 1012 pertinere
729 935 769 994 ad
793 955 827 995 se
845 944 960 1012 negata

271 1019 305 1078 Et
326 1040 425 1094 omne,
447 1037 505 1095 quo
527 1020 617 1098 plebs
640 1039 761 1097 semper
780 1019 895 1080 amisso
919 1019 1012 1092 dolet,

270 1103 302 1164 Id
323 1105 541 1164 commodatum
564 1105 669 1179 eredit,
693 1113 723 1165 et
742 1104 929 1183 precarium:

270 1186 415 1266 Suamquo
434 1190 534 1248 reddit
554 1209 619 1248 rem
640 1190 815 1268 reposcenti
833 1187 916 1263 Deo,

268 1272 318 1332 Nil
338 1275 552 1354 tergiversaris.
577 1274 638 1350 Qui
659 1282 845 1352 potestatem
868 1275 916 1334 eui

266 1357 331 1418 Non
353 1359 426 1418 fecit
445 1359 517 1418 ullis
541 1360 674 1434 casibus,
699 1379 789 1420 casus
814 1367 917 1436 potest

266 1442 371 1504 Ridere
391 1452 467 1504 tuto.
492 1443 570 1505 Sunt
592 1445 672 1504 enim
696 1445 872 1504 discrimina

264 1525 379 1588 Animis
402 1531 441 1587 ad
461 1548 551 1589 omne
573 1531 766 1607 praeparatis
786 1530 882 1603 irrita,

265 1612 421 1674 Securitati
444 1633 547 1674 saeva.
590 1611 676 1688 Quod
693 1615 761 1676 fieri
783 1622 895 1692 potest,

264 1696 358 1776 Spera
377 1699 519 1757 futurum.
542 1699 585 1756 nil
606 1701 800 1776 repentinum
821 1701 950 1777 ingruet,

263 1781 295 1843 si
313 1783 456 1859 quidquid
478 1783 567 1856 alias,
589 1803 681 1861 posse
698 1804 779 1844 nunc
798 1785 865 1842 fieri
887 1792 986 1861 putes.

262 1868 398 1928 Adversa
417 1888 519 1926 rerum
539 1869 582 1926 nil
604 1869 678 1930 mali
700 1870 960 1947 exspectantibus,

261 1951 404 2012 Novitate
428 1973 518 2028 quam
540 1954 571 2012 vi
592 1955 717 2031 saepius
740 1964 853 2015 nocent
875 1973 942 2014 sua.

261 2036 335 2098 Sese
355 2037 518 2099 instruenti
540 2038 717 2112 adeunda,
738 2039 766 2099 si
787 2058 849 2098 non
871 2038 973 2098 omnia

259 2123 299 2184 Ut
319 2123 428 2196 voluit,
449 2132 550 2184 estut
570 2124 726 2202 cogitavit,
744 2124 894 2183 accidunt.

259 2291 307 2353 56.
352 2291 432 2351 Pars
452 2299 500 2352 est
522 2292 615 2351 futuri
634 2311 745 2370 magna
765 2292 906 2371 supplicii
925 2293 1023 2352 timor.

257 2380 345 2437 Mens
366 2378 488 2437 curiose
510 2378 633 2437 credula
652 2378 686 2437 in
709 2398 827 2456 poenas
849 2398 922 2439 suas

258 2462 390 2524 Sensum
414 2470 608 2522 antevertens
630 2464 751 2523 obviam
773 2465 798 2522 it
818 2464 929 2523 damno
953 2483 1022 2535 suo,

256 2549 372 2607 Malum
392 2548 569 2607 imminente
592 2548 690 2607 maius
713 2548 869 2608 intentans
891 2550 959 2608 sibi.

257 2633 343 2693 Bene
364 2641 566 2710 praeparatus
588 2635 679 2693 rebus
703 2633 840 2693 adversis
861 2634 960 2706 homo,

258 2717 412 2795 Quidquid
433 2716 566 2777 futurum
586 2719 804 2795 praestolatur,
826 2719 947 2795 excipit.

257 2888 307 2947 57.
352 2886 537 2947 Periculose
556 2894 604 2947 est
620 2887 718 2947 omnis
739 2887 891 2945 excedens
913 2886 1036 2945 modum

256 2972 346 3050 Apud
370 2979 532 3049 tyrannum
552 2992 610 3049 par
631 2981 762 3049 tyranno
782 2972 889 3049 gratia.

257 3058 366 3116 Terret
387 3074 534 3131 sequaces
555 3056 723 3116 aulicorum
744 3076 817 3133 spes
841 3076 949 3115 canum

255 3141 487 3205 Formidolosus
510 3140 695 3219 Caprearum
716 3142 830 3201 carceri

256 3226 389 3289 Seianus
412 3226 483 3285 olim
504 3226 589 3304 plebi
608 3227 765 3291 adoratum
784 3235 885 3303 capnt.

255 3311 433 3373 Ascendere
455 3312 518 3370 alta
539 3321 588 3371 est
610 3313 748 3386 arduum,
771 3311 852 3369 unde
874 3319 982 3388 postea

256 3396 388 3476 cogaris
412 3408 482 3455 ante
506 3397 624 3465 cadere,
646 3402 736 3473 quam
755 3397 951 3456 descendere.

256 3566 307 3630 58.
353 3564 433 3638 Rex,
455 3566 503 3623 cui
524 3566 631 3625 relicta
652 3564 755 3638 vidua,
777 3566 825 3623 eui
846 3582 920 3624 suas
937 3584 1045 3643 preces

254 3649 398 3727 Pupillus
416 3649 513 3722 offert,
536 3652 599 3709 vita
619 3648 781 3709 adulantes
800 3668 909 3723 canes3

256 3735 354 3795 Feros
375 3734 408 3793 in
429 3754 548 3809 omnes,
571 3737 689 3795 cicures
710 3735 764 3792 uni
784 3735 850 3793 tibi.

258 3818 315 3879 cui
336 3839 394 3897 pro
417 3820 552 3901 maligno
574 3827 622 3881 est
642 3838 732 3896 parce
752 3820 892 3893 adulans,
912 3819 1010 3879 hostis
1031 3826 1080 3877 est
