3000 4725
709 611 771 669 349
883 681 885 686 Ι

277 780 408 856 Opscus
431 798 537 839 ornnes
561 778 700 839 Tellumo
718 780 890 854 venabitur,

276 865 391 925 Multis
411 864 508 923 ruinis
531 866 657 923 obrutos
681 883 718 921 ex
740 865 869 923 mortuis

275 951 353 1011 Uno
377 949 484 1008 relicto
508 950 618 1008 nuncio
642 948 806 1022 sodalibus,

275 1034 531 1112 Delphinisigne,
553 1034 619 1091 fure
640 1033 777 1092 Punicae
801 1035 887 1091 deae.

278 1120 345 1197 Qui
365 1127 452 1177 rasta
473 1118 540 1177 rari
560 1118 677 1177 coelitis
701 1119 835 1196 magalia

275 1204 415 1277 Videbit,
440 1204 538 1262 aheno
558 1203 693 1262 maximo
716 1205 822 1280 calpar
843 1204 919 1262 meri

276 1291 376 1349 Manu
398 1290 575 1366 propinans,
598 1288 740 1364 poculum
761 1286 935 1349 hellarium:
991 1314 994 1321 ·

276 1373 417 1446 Videbit,
440 1382 471 1431 et
492 1390 570 1448 quae
590 1373 720 1447 liquerat
742 1374 891 1431 cadavera

276 1460 471 1518 Praestanus
492 1464 688 1517 Auerruncus
715 1477 866 1516 armorum
887 1458 1003 1533 cluens,

280 1544 346 1620 Qui
370 1552 452 1603 rutro
477 1543 594 1601 adunco
615 1543 812 1601 runcinantes
834 1544 945 1615 omnia,

281 1628 419 1689 Nectent
440 1628 568 1686 foratam
590 1636 672 1686 reste
695 1627 837 1703 praedam
859 1628 1014 1705 mugilum.

281 1718 385 1787 Atque
408 1712 486 1771 alius
505 1713 595 1771 alium
617 1728 727 1785 saevus
750 1712 881 1789 excipiet
901 1713 987 1771 labor

279 1799 408 1857 Labore
430 1816 550 1873 semper
567 1797 698 1878 pristino
721 1798 864 1856 ferocior.

282 1884 373 1960 Quae
395 1902 454 1940 non
477 1881 647 1959 Charybdis
671 1891 854 1940 mortuorum
876 1882 1058 1958 explebitur,

284 1970 374 2045 Quae
398 1986 456 2025 non
481 1968 625 2043 Erinnys,
651 1968 813 2043 semivirgo
836 1966 944 2040 bestia,

283 2052 371 2127 Quae
393 2072 455 2110 non
479 2050 623 2123 Camena,
645 2051 783 2109 carnifex
809 2052 1029 2126 bimembrium,

283 2136 406 2199 Aetolis
426 2143 478 2193 aut
496 2135 628 2209 Curetis,
650 2144 732 2196 artus
755 2136 865 2211 liquier

285 2221 432 2283 Suadebit
451 2240 526 2279 auru
546 2222 712 2279 flexanima
732 2221 925 2280 immemores
949 2222 1025 2281 cibi:

283 2307 343 2367 Vel
366 2324 455 2382 quam
479 2307 609 2365 ferarum
632 2326 691 2366 non
716 2306 833 2366 fabram
855 2307 1032 2380 intuebitur,

286 2397 386 2453 Atrox
407 2409 556 2450 venenum
580 2393 662 2450 farre
684 2394 862 2452 miscentem
885 2401 1048 2465 excetram,

284 2479 452 2551 Fatumque
471 2477 704 2540 monstriforme.
728 2478 783 2536 sed
804 2477 969 2537 miserrimi

287 2562 405 2624 Sortem
422 2569 578 2639 gementes
601 2568 689 2635 atque
710 2562 849 2637 palantes
872 2563 956 2638 paris

286 2646 428 2708 Misoella
449 2665 569 2722 semper
591 2665 658 2703 cum
681 2646 808 2722 polenta
830 2647 966 2704 flocoium

284 2733 394 2804 Acina,
415 2731 574 2806 fracesque
592 2732 799 2789 devorabunt:
821 2739 872 2789 ast
892 2749 962 2788 eum
1057 2751 1061 2757 ’

284 2817 392 2876 Herba
415 2824 504 2891 atque
526 2817 635 2874 Manus
659 2815 824 2873 vindicabit
846 2815 953 2873 obvius

284 2901 487 2962 Nonacriates
510 2900 639 2959 Vinulus
664 2900 791 2976 Triceps
814 2900 901 2971 deus,

285 2987 326 3047 Et
348 2994 532 3045 mortuorum
551 3005 646 3063 regna
668 2985 832 3044 descendet
855 3001 939 3056 cara,
1005 3009 1009 3014 ·

285 3075 386 3145 Atque
407 3071 536 3129 inferum
558 3069 676 3147 rogabit
693 3069 829 3146 apricum
851 3087 1004 3146 augurem,

288 3156 394 3216 Coitus
418 3157 550 3214 virorum
570 3165 600 3213 et
620 3155 799 3214 feminarum
823 3155 990 3225 conscium,

286 3241 409 3302 Umbris
431 3241 525 3298 hianti
548 3231 726 3317 sanguinem
750 3239 898 3316 obsipans
920 3237 1005 3296 solo:

286 3325 438 3400 Ensisque
460 3334 530 3382 trux
551 3326 712 3395 munimen,
734 3325 841 3403 inferis
862 3332 985 3395 metum,

286 3411 430 3481 Vibrans,
455 3418 633 3468 trementum
653 3427 789 3468 murmur
809 3410 982 3468 umbrarum
1004 3407 1108 3467 audiet

288 3493 409 3555 Gracile
431 3495 545 3552 caduca
563 3494 736 3554 succrotilla
756 3493 870 3565 fabula,

287 3582 385 3654 Atque
407 3580 478 3638 hinc
498 3578 660 3656 Gigantum
683 3597 761 3653 quae
781 3578 910 3636 lacertos
931 3579 1033 3638 insula

289 3663 456 3742 Confregit,
481 3671 512 3721 et
533 3663 688 3741 Typhonis
711 3671 794 3722 artus
818 3664 987 3738 querqueri.

289 3750 405 3810 Adusta
424 3749 583 3826 flam[m]is
604 3768 671 3806 cum
690 3767 775 3808 mera
796 3749 927 3825 excipiet
944 3756 1024 3806 rats:

290 3835 357 3911 Qua
379 3853 434 3892 rex
453 3834 577 3894 deorum
599 3834 726 3912 informe
749 3834 903 3894 clusarum
925 3851 1021 3911 genus
